
<record>
  <leader>01991cam a22003377i 4500</leader>
  <controlfield tag="001">20494014</controlfield>
  <controlfield tag="005">20200103151316.0</controlfield>
  <controlfield tag="008">170716s2016    is            000 0 hebo </controlfield>
  <datafield tag="906" ind1=" " ind2=" ">
    <subfield code="a">0</subfield>
    <subfield code="b">ibc</subfield>
    <subfield code="c">origres</subfield>
    <subfield code="d">3</subfield>
    <subfield code="e">ncip</subfield>
    <subfield code="f">20</subfield>
    <subfield code="g">y-nonroman</subfield>
  </datafield>
  <datafield tag="925" ind1="0" ind2=" ">
    <subfield code="a">acquire</subfield>
    <subfield code="b">1 shelf copy</subfield>
    <subfield code="x">policy default</subfield>
  </datafield>
  <datafield tag="955" ind1=" " ind2=" ">
    <subfield code="a">ve01 2018-05-11 ;</subfield>
    <subfield code="b">ti40 2018-05-30 added LCCN and holding and item records</subfield>
    <subfield code="a">cd00 2018-05-30 to ASME/IJ</subfield>
  </datafield>
  <datafield tag="010" ind1=" " ind2=" ">
    <subfield code="a">  2018392259</subfield>
  </datafield>
  <datafield tag="035" ind1=" " ind2=" ">
    <subfield code="a">(IsJeAIW)wb2018423664</subfield>
  </datafield>
  <datafield tag="040" ind1=" " ind2=" ">
    <subfield code="a">DLC</subfield>
    <subfield code="b">eng</subfield>
    <subfield code="c">DLC</subfield>
    <subfield code="e">rda</subfield>
  </datafield>
  <datafield tag="066" ind1=" " ind2=" ">
    <subfield code="c">(2</subfield>
  </datafield>
  <datafield tag="100" ind1="1" ind2=" ">
    <subfield code="6">880-01</subfield>
    <subfield code="a">Hofman, Yiśraʼel Yehudah.</subfield>
  </datafield>
  <datafield tag="880" ind1="1" ind2=" ">
    <subfield code="6">100-01/(2/r</subfield>
    <subfield code="a">הופמן, ישראל יהודה.</subfield>
  </datafield>
  <datafield tag="245" ind1="1" ind2="0">
    <subfield code="6">880-02</subfield>
    <subfield code="a">Asuḳe shemaʻta /</subfield>
    <subfield code="c">nikhtav ṿe-yatsa la-or ʻal yede: Yiśraʼel Yehudah [ben] Menaḥem Tsvi Hofman.</subfield>
  </datafield>
  <datafield tag="880" ind1="1" ind2="0">
    <subfield code="6">245-02/(2/r</subfield>
    <subfield code="a">אסוקי שמעתא :</subfield>
    <subfield code="b">הלכות מקוואות : ויתחלק לב&apos; חלקים, החלק הראשון יקרא אסוקי שמעתא והוא הערות וחידושים על סדר טור ושו״ע והחלק השני יקרא אליבא דהלכתא והוא סכום דברי רבותינו הפוסקים כמבואר בהקדמה /</subfield>
    <subfield code="c">נכתב ויצא לאור ע״י ישראל יהודה [בן] מנחם צבי הופמן.</subfield>
  </datafield>
  <datafield tag="250" ind1=" " ind2=" ">
    <subfield code="6">880-03</subfield>
    <subfield code="a">Mahad. Fridman.</subfield>
  </datafield>
  <datafield tag="880" ind1=" " ind2=" ">
    <subfield code="6">250-03/(2/r</subfield>
    <subfield code="a">פריעדמאן.</subfield>
  </datafield>
  <datafield tag="880" ind1=" " ind2=" ">
    <subfield code="6">260-04/(2/r</subfield>
    <subfield code="a">ירושלים :</subfield>
    <subfield code="b">צוף,</subfield>
    <subfield code="c">תשע״ז.</subfield>
  </datafield>
  <datafield tag="264" ind1=" " ind2="1">
    <subfield code="6">880-04</subfield>
    <subfield code="a">Yerushalayim :</subfield>
    <subfield code="b">Zuf productions,</subfield>
    <subfield code="c">777 [2016 or 2017]</subfield>
  </datafield>
  <datafield tag="300" ind1=" " ind2=" ">
    <subfield code="a">298 pages :</subfield>
    <subfield code="b">illustrations ;</subfield>
    <subfield code="c">25 cm</subfield>
  </datafield>
  <datafield tag="336" ind1=" " ind2=" ">
    <subfield code="a">text</subfield>
    <subfield code="b">txt</subfield>
    <subfield code="2">rdacontent</subfield>
  </datafield>
  <datafield tag="337" ind1=" " ind2=" ">
    <subfield code="a">unmediated</subfield>
    <subfield code="b">n</subfield>
    <subfield code="2">rdamedia</subfield>
  </datafield>
  <datafield tag="338" ind1=" " ind2=" ">
    <subfield code="a">volume</subfield>
    <subfield code="b">nc</subfield>
    <subfield code="2">rdacarrier</subfield>
  </datafield>
  <datafield tag="520" ind1=" " ind2=" ">
    <subfield code="a">ṿe-itḥaleḳ le-2 ḥalaḳim, ha-ḥeleḳ ha-rishon yiḳare asuḳe shemaʻata ṿe-hu heʻarot ṿe-ḥidushim ʻal seder ṭur ṿe-shulḥan ʻarukh ṿeha-ḥeleḳ ha-sheni yiḳare aliba de-hilkhata ṿe-hu sikum divre rabotenu ha-posḳim ka-mevoʼar ba-haḳdamah.</subfield>
  </datafield>
  <datafield tag="752" ind1=" " ind2=" ">
    <subfield code="a">Israel</subfield>
    <subfield code="d">Jerusalem.</subfield>
  </datafield>
  <datafield tag="923" ind1=" " ind2=" ">
    <subfield code="d">20180219</subfield>
    <subfield code="n">30724</subfield>
    <subfield code="s">IsJeAIW</subfield>
  </datafield>
  <datafield tag="985" ind1=" " ind2=" ">
    <subfield code="e">VENDOR LOAD</subfield>
  </datafield>
</record>