
<record>
  <leader>02202cam a22003377i 4500</leader>
  <controlfield tag="001">20494020</controlfield>
  <controlfield tag="005">20200103151316.0</controlfield>
  <controlfield tag="008">170712s2016    is            000 0 hebo </controlfield>
  <datafield tag="906" ind1=" " ind2=" ">
    <subfield code="a">0</subfield>
    <subfield code="b">ibc</subfield>
    <subfield code="c">origres</subfield>
    <subfield code="d">2</subfield>
    <subfield code="e">ncip</subfield>
    <subfield code="f">20</subfield>
    <subfield code="g">y-nonroman</subfield>
  </datafield>
  <datafield tag="925" ind1="0" ind2=" ">
    <subfield code="a">acquire</subfield>
    <subfield code="b">1 shelf copy</subfield>
    <subfield code="x">policy default</subfield>
  </datafield>
  <datafield tag="955" ind1=" " ind2=" ">
    <subfield code="a">ve01 2018-05-11;</subfield>
    <subfield code="b">cd01 2018-05-18 added lccn and holding and item records</subfield>
    <subfield code="a">cd00 2018-05-18 to ASME/IJ</subfield>
  </datafield>
  <datafield tag="010" ind1=" " ind2=" ">
    <subfield code="a">  2018382052</subfield>
  </datafield>
  <datafield tag="035" ind1=" " ind2=" ">
    <subfield code="a">(IsJeAIW)wb2018423616</subfield>
  </datafield>
  <datafield tag="040" ind1=" " ind2=" ">
    <subfield code="a">DLC</subfield>
    <subfield code="b">eng</subfield>
    <subfield code="c">DLC</subfield>
    <subfield code="e">rda</subfield>
  </datafield>
  <datafield tag="066" ind1=" " ind2=" ">
    <subfield code="c">(2</subfield>
  </datafield>
  <datafield tag="100" ind1="1" ind2=" ">
    <subfield code="6">880-01</subfield>
    <subfield code="a">Pesin, Aharon Yehoshuʻa.</subfield>
  </datafield>
  <datafield tag="880" ind1="1" ind2=" ">
    <subfield code="6">100-01/(2/r</subfield>
    <subfield code="a">פסין, אהרן יהושע.</subfield>
  </datafield>
  <datafield tag="245" ind1="1" ind2="0">
    <subfield code="6">880-02</subfield>
    <subfield code="a">Poteaḥ et yadkha /</subfield>
    <subfield code="c">ḥibarti ṿe-ʻarakhti Aharon Yehoshuʻa Pesin.</subfield>
  </datafield>
  <datafield tag="880" ind1="1" ind2="0">
    <subfield code="6">245-02/(2/r</subfield>
    <subfield code="a">פותח את ידך :</subfield>
    <subfield code="b">ע״ס פרשיות התורה, כולל הערות ותשובות ממרן הגר״ח קניבסקי, חידושי תורה ובירורי הלכה ונלווה אליו שו״ת דעת רבותינו בד&apos; חלקי שו״ע, ביאורים ועיונים בתנ״ך ובש״ס, חינוך, השקפה, אגדה, והנהגה ממרן הגר״ח קניבסקי, מרן הגראי״ל שטינמן ומעוד מרבותינו גדולי ישראל /</subfield>
    <subfield code="c">חברתי וערכתי אהרן יהושע פסין.</subfield>
  </datafield>
  <datafield tag="880" ind1=" " ind2=" ">
    <subfield code="6">260-03/(2/r</subfield>
    <subfield code="a">[ירושלים?] :</subfield>
    <subfield code="b">א.י.פסין,</subfield>
    <subfield code="c">תשע״ז.</subfield>
  </datafield>
  <datafield tag="264" ind1=" " ind2="1">
    <subfield code="6">880-03</subfield>
    <subfield code="a">[Yerushalayim?] :</subfield>
    <subfield code="b">[publisher not identified],</subfield>
    <subfield code="c">777 [2016 or 2017]</subfield>
  </datafield>
  <datafield tag="300" ind1=" " ind2=" ">
    <subfield code="a">698 pages ;</subfield>
    <subfield code="c">25 cm</subfield>
  </datafield>
  <datafield tag="336" ind1=" " ind2=" ">
    <subfield code="a">text</subfield>
    <subfield code="b">txt</subfield>
    <subfield code="2">rdacontent</subfield>
  </datafield>
  <datafield tag="337" ind1=" " ind2=" ">
    <subfield code="a">unmediated</subfield>
    <subfield code="b">n</subfield>
    <subfield code="2">rdamedia</subfield>
  </datafield>
  <datafield tag="338" ind1=" " ind2=" ">
    <subfield code="a">volume</subfield>
    <subfield code="b">nc</subfield>
    <subfield code="2">rdacarrier</subfield>
  </datafield>
  <datafield tag="520" ind1=" " ind2=" ">
    <subfield code="a">ʻal sakh parshiyot ha-torah, kolel heʻarot ṿe-teshuvot mi-maran Ḳanyevsḳ, ḥidushe torah u-verure halakhah ṿe-nilṿah elaṿ shu&quot;t daʻat rabotenu be-4 ḥelḳe shulḥan ʻarukh, beʼurim ṿe-ʻiyunim ba-tanakh u-va-shas, ḥunukh, hashḳafah, agadah, ve-hanhagah mi-maran ha-graḥ Ḳanyevsḳi maran ha-Grʼil  Shṭeiman, u-mi-ʻod mi-rabotenu gedole Yiśraʻel.</subfield>
  </datafield>
  <datafield tag="700" ind1="1" ind2=" ">
    <subfield code="a">Ḳanevsḳi, Sh. Y. Ḥ. ben Y. Y.</subfield>
    <subfield code="q">(Shemaryahu Yosef Ḥayim ben Y. Y.)</subfield>
  </datafield>
  <datafield tag="700" ind1="0" ind2=" ">
    <subfield code="a">A. Y. L. ben Noaḥ Tsevi.</subfield>
  </datafield>
  <datafield tag="752" ind1=" " ind2=" ">
    <subfield code="a">Israel</subfield>
    <subfield code="d">Jerusalem.</subfield>
  </datafield>
  <datafield tag="923" ind1=" " ind2=" ">
    <subfield code="d">20180219</subfield>
    <subfield code="n">30724</subfield>
    <subfield code="s">IsJeAIW</subfield>
  </datafield>
  <datafield tag="985" ind1=" " ind2=" ">
    <subfield code="e">VENDOR LOAD</subfield>
  </datafield>
</record>