
<record>
  <leader>01582cam a22003137i 4500</leader>
  <controlfield tag="001">20494218</controlfield>
  <controlfield tag="005">20200103151319.0</controlfield>
  <controlfield tag="008">180115s2016    is            000 0 hebo </controlfield>
  <datafield tag="906" ind1=" " ind2=" ">
    <subfield code="a">0</subfield>
    <subfield code="b">ibc</subfield>
    <subfield code="c">origres</subfield>
    <subfield code="d">2</subfield>
    <subfield code="e">ncip</subfield>
    <subfield code="f">20</subfield>
    <subfield code="g">y-nonroman</subfield>
  </datafield>
  <datafield tag="925" ind1="0" ind2=" ">
    <subfield code="a">acquire</subfield>
    <subfield code="b">1 shelf copy</subfield>
    <subfield code="x">policy default</subfield>
  </datafield>
  <datafield tag="955" ind1=" " ind2=" ">
    <subfield code="a">ve01 2018-05-11</subfield>
    <subfield code="b">cd04 2018-08-14 telework added LCCN, HR, IR</subfield>
    <subfield code="a">cd00 2018-08-16 to ASME/IJ</subfield>
  </datafield>
  <datafield tag="010" ind1=" " ind2=" ">
    <subfield code="a">  2018416313</subfield>
  </datafield>
  <datafield tag="035" ind1=" " ind2=" ">
    <subfield code="a">(IsJeAIW)wb2018427299</subfield>
  </datafield>
  <datafield tag="040" ind1=" " ind2=" ">
    <subfield code="a">DLC</subfield>
    <subfield code="b">eng</subfield>
    <subfield code="c">DLC</subfield>
    <subfield code="e">rda</subfield>
  </datafield>
  <datafield tag="066" ind1=" " ind2=" ">
    <subfield code="c">(2</subfield>
  </datafield>
  <datafield tag="100" ind1="1" ind2=" ">
    <subfield code="6">880-01</subfield>
    <subfield code="a">Ben Harush, Pinḥas.</subfield>
  </datafield>
  <datafield tag="880" ind1="1" ind2=" ">
    <subfield code="6">100-01/(2/r</subfield>
    <subfield code="a">בן הרוש, פינחס.</subfield>
  </datafield>
  <datafield tag="245" ind1="1" ind2="0">
    <subfield code="6">880-02</subfield>
    <subfield code="a">Reaḥ Pinḥas /</subfield>
    <subfield code="c">Pinḥas Ben Harush.</subfield>
  </datafield>
  <datafield tag="880" ind1="1" ind2="0">
    <subfield code="6">245-02/(2/r</subfield>
    <subfield code="a">ריח פינחס :</subfield>
    <subfield code="b">חידושי הלכות בדיני ברכת הריח ונלווה אליו ביאור באר פינחס ציונים ומקורות, משא ומתן בדברי הפוסקים ראשונים ואחרונים עד אחרוני זמנינו /</subfield>
    <subfield code="c">פינחס בן הרוש.</subfield>
  </datafield>
  <datafield tag="880" ind1=" " ind2=" ">
    <subfield code="6">260-03/(2/r</subfield>
    <subfield code="a">[ירושלים? :</subfield>
    <subfield code="b">חמו״ל],</subfield>
    <subfield code="c">2016.</subfield>
  </datafield>
  <datafield tag="264" ind1=" " ind2="1">
    <subfield code="6">880-03</subfield>
    <subfield code="a">[Yerushalayim?] :</subfield>
    <subfield code="b">[publisher not identified],</subfield>
    <subfield code="c">2016.</subfield>
  </datafield>
  <datafield tag="300" ind1=" " ind2=" ">
    <subfield code="a">276 pages :</subfield>
    <subfield code="b">illustrations ;</subfield>
    <subfield code="c">25 cm</subfield>
  </datafield>
  <datafield tag="336" ind1=" " ind2=" ">
    <subfield code="a">text</subfield>
    <subfield code="b">txt</subfield>
    <subfield code="2">rdacontent</subfield>
  </datafield>
  <datafield tag="337" ind1=" " ind2=" ">
    <subfield code="a">unmediated</subfield>
    <subfield code="b">n</subfield>
    <subfield code="2">rdamedia</subfield>
  </datafield>
  <datafield tag="338" ind1=" " ind2=" ">
    <subfield code="a">volume</subfield>
    <subfield code="b">nc</subfield>
    <subfield code="2">rdacarrier</subfield>
  </datafield>
  <datafield tag="520" ind1=" " ind2=" ">
    <subfield code="a">ḥidushe halakhot be-dine birkat ha-raḥ ṿe-nilṿah elaṿ biʼur &apos;beʼer Pinḥas&apos; tsiyunim u-meḳorot, maśa u-matan be-divre ha-posḳim rishonim ṿe-aḥaronim ʻad aḥarone zemanenu.</subfield>
  </datafield>
  <datafield tag="752" ind1=" " ind2=" ">
    <subfield code="a">Israel</subfield>
    <subfield code="d">Jerusalem.</subfield>
  </datafield>
  <datafield tag="923" ind1=" " ind2=" ">
    <subfield code="d">20180415</subfield>
    <subfield code="n">31200</subfield>
    <subfield code="s">IsJeAIW</subfield>
  </datafield>
  <datafield tag="985" ind1=" " ind2=" ">
    <subfield code="e">VENDOR LOAD</subfield>
  </datafield>
</record>