
<record>
  <leader>02606cas a2200481 i 4500</leader>
  <controlfield tag="001">20503598</controlfield>
  <controlfield tag="005">20200103161637.0</controlfield>
  <controlfield tag="008">170403c20169999sa || p       0    0eng  </controlfield>
  <datafield tag="906" ind1=" " ind2=" ">
    <subfield code="a">7</subfield>
    <subfield code="b">cbc</subfield>
    <subfield code="c">serials</subfield>
    <subfield code="d">2</subfield>
    <subfield code="e">ncip</subfield>
    <subfield code="f">20</subfield>
    <subfield code="g">n-oclcserc</subfield>
  </datafield>
  <datafield tag="925" ind1="0" ind2=" ">
    <subfield code="a">acquire</subfield>
    <subfield code="b">1 shelf copy</subfield>
    <subfield code="x">mlp 2018-05-21</subfield>
  </datafield>
  <datafield tag="955" ind1=" " ind2=" ">
    <subfield code="i">bc10 2018-05-21</subfield>
    <subfield code="g">bc06 2018-06-01 (telework) to SER</subfield>
    <subfield code="g">bc06 2018-08-17 (telework) to SER</subfield>
    <subfield code="g">bc06 2018-08-20 (telework) to SER</subfield>
    <subfield code="g">bc06 2018-11-16 (telework) to SER</subfield>
    <subfield code="g">bc06 2019-04-01 (telework) to SER</subfield>
    <subfield code="g">bc06 2019-06-10 (telework) to SER</subfield>
    <subfield code="g">bc06 2019-08-09 (telework) to SER</subfield>
    <subfield code="g">bc06 2019-11-18 (telework) to SER</subfield>
    <subfield code="g">bc06 2019-11-22 (telework) to SER</subfield>
    <subfield code="g">bc06 2019-11-25 (telework) to SER</subfield>
    <subfield code="g">bc06 2019-11-29 (telework) to SER</subfield>
    <subfield code="g">bc06 2019-12-02 (telework) to SER</subfield>
    <subfield code="g">bc06 2019-12-06 (telework) to SER</subfield>
    <subfield code="g">bc06 2019-12-23 (telework) to SER</subfield>
    <subfield code="g">bc06 2020-01-03 (telework/credit) to SER</subfield>
  </datafield>
  <datafield tag="010" ind1=" " ind2=" ">
    <subfield code="a">  2018212980</subfield>
  </datafield>
  <datafield tag="035" ind1=" " ind2=" ">
    <subfield code="a">(OCoLC)ocn981349253</subfield>
  </datafield>
  <datafield tag="040" ind1=" " ind2=" ">
    <subfield code="a">STF</subfield>
    <subfield code="b">eng</subfield>
    <subfield code="e">rda</subfield>
    <subfield code="c">STF</subfield>
    <subfield code="d">OCLCO</subfield>
    <subfield code="d">OCLCF</subfield>
    <subfield code="d">OCLCQ</subfield>
    <subfield code="d">OCLCO</subfield>
    <subfield code="d">DLC</subfield>
    <subfield code="d">OCL</subfield>
  </datafield>
  <datafield tag="042" ind1=" " ind2=" ">
    <subfield code="a">pcc</subfield>
  </datafield>
  <datafield tag="043" ind1=" " ind2=" ">
    <subfield code="a">fs-----</subfield>
  </datafield>
  <datafield tag="050" ind1="0" ind2="0">
    <subfield code="a">QL84.6.A356</subfield>
    <subfield code="b">C66</subfield>
  </datafield>
  <datafield tag="130" ind1="0" ind2=" ">
    <subfield code="a">Conservation matters (Endangered Wildlife Trust)</subfield>
  </datafield>
  <datafield tag="245" ind1="1" ind2="0">
    <subfield code="a">Conservation matters.</subfield>
  </datafield>
  <datafield tag="264" ind1=" " ind2="1">
    <subfield code="a">Johannesburg :</subfield>
    <subfield code="b">Endangered Wildlife Trust,</subfield>
    <subfield code="c">[2016]-</subfield>
  </datafield>
  <datafield tag="300" ind1=" " ind2=" ">
    <subfield code="a">volumes :</subfield>
    <subfield code="b">color illustrations ;</subfield>
    <subfield code="c">30 cm</subfield>
  </datafield>
  <datafield tag="310" ind1=" " ind2=" ">
    <subfield code="a">Bimonthly</subfield>
  </datafield>
  <datafield tag="336" ind1=" " ind2=" ">
    <subfield code="a">text</subfield>
    <subfield code="b">txt</subfield>
    <subfield code="2">rdacontent</subfield>
  </datafield>
  <datafield tag="337" ind1=" " ind2=" ">
    <subfield code="a">unmediated</subfield>
    <subfield code="b">n</subfield>
    <subfield code="2">rdamedia</subfield>
  </datafield>
  <datafield tag="338" ind1=" " ind2=" ">
    <subfield code="a">volume</subfield>
    <subfield code="b">nc</subfield>
    <subfield code="2">rdacarrier</subfield>
  </datafield>
  <datafield tag="362" ind1="1" ind2=" ">
    <subfield code="a">Began with November 2016.</subfield>
  </datafield>
  <datafield tag="500" ind1=" " ind2=" ">
    <subfield code="a">Each issue has a theme title, expressed as: Heritage edition (Nov. 2016), Industry and infrastructure edition (Nov./Dec. 2017), etc.</subfield>
  </datafield>
  <datafield tag="515" ind1=" " ind2=" ">
    <subfield code="a">Issues designated by issue number and date, Issue 2 (February 2017)-</subfield>
  </datafield>
  <datafield tag="588" ind1=" " ind2=" ">
    <subfield code="a">Description based on: Issue 6 (November/December 2017); title from cover.</subfield>
  </datafield>
  <datafield tag="588" ind1=" " ind2=" ">
    <subfield code="a">Latest issue consulted: Issue 6 (November/December 2017).</subfield>
  </datafield>
  <datafield tag="610" ind1="2" ind2="0">
    <subfield code="a">Endangered Wildlife Trust</subfield>
    <subfield code="v">Periodicals.</subfield>
  </datafield>
  <datafield tag="610" ind1="2" ind2="7">
    <subfield code="a">Endangered Wildlife Trust.</subfield>
    <subfield code="2">fast</subfield>
    <subfield code="0">(OCoLC)fst00584828</subfield>
  </datafield>
  <datafield tag="650" ind1=" " ind2="0">
    <subfield code="a">Wildlife conservation</subfield>
    <subfield code="z">Africa, Southern</subfield>
    <subfield code="v">Periodicals.</subfield>
  </datafield>
  <datafield tag="650" ind1=" " ind2="0">
    <subfield code="a">Nature conservation</subfield>
    <subfield code="z">Africa, Southern</subfield>
    <subfield code="v">Periodicals.</subfield>
  </datafield>
  <datafield tag="650" ind1=" " ind2="0">
    <subfield code="a">Endangered species</subfield>
    <subfield code="z">Africa, Southern</subfield>
    <subfield code="v">Periodicals.</subfield>
  </datafield>
  <datafield tag="650" ind1=" " ind2="7">
    <subfield code="a">Endangered species.</subfield>
    <subfield code="2">fast</subfield>
    <subfield code="0">(OCoLC)fst00909658</subfield>
  </datafield>
  <datafield tag="650" ind1=" " ind2="7">
    <subfield code="a">Nature conservation.</subfield>
    <subfield code="2">fast</subfield>
    <subfield code="0">(OCoLC)fst01034632</subfield>
  </datafield>
  <datafield tag="650" ind1=" " ind2="7">
    <subfield code="a">Wildlife conservation.</subfield>
    <subfield code="2">fast</subfield>
    <subfield code="0">(OCoLC)fst01175253</subfield>
  </datafield>
  <datafield tag="651" ind1=" " ind2="7">
    <subfield code="a">Southern Africa.</subfield>
    <subfield code="2">fast</subfield>
    <subfield code="0">(OCoLC)fst01239519</subfield>
  </datafield>
  <datafield tag="655" ind1=" " ind2="7">
    <subfield code="a">Periodicals.</subfield>
    <subfield code="2">fast</subfield>
    <subfield code="0">(OCoLC)fst01411641</subfield>
  </datafield>
  <datafield tag="710" ind1="2" ind2=" ">
    <subfield code="a">Endangered Wildlife Trust,</subfield>
    <subfield code="e">issuing body.</subfield>
  </datafield>
  <datafield tag="850" ind1=" " ind2=" ">
    <subfield code="a">DLC</subfield>
  </datafield>
  <datafield tag="859" ind1="4" ind2="1">
    <subfield code="u">http://ewt.org.za/magazine.html</subfield>
    <subfield code="z">Online version:</subfield>
  </datafield>
</record>