
<record>
  <leader>02712cas a2200529 i 4500</leader>
  <controlfield tag="001">20503599</controlfield>
  <controlfield tag="005">20200103172408.0</controlfield>
  <controlfield tag="008">910418c19649999sa mr p       0    0eng  </controlfield>
  <datafield tag="906" ind1=" " ind2=" ">
    <subfield code="a">7</subfield>
    <subfield code="b">cbc</subfield>
    <subfield code="c">serials</subfield>
    <subfield code="d">2</subfield>
    <subfield code="e">ncip</subfield>
    <subfield code="f">20</subfield>
    <subfield code="g">n-oclcserc</subfield>
  </datafield>
  <datafield tag="925" ind1="0" ind2=" ">
    <subfield code="a">acquire</subfield>
    <subfield code="b">1 shelf copy</subfield>
    <subfield code="x">mlp 2018-05-21</subfield>
  </datafield>
  <datafield tag="955" ind1=" " ind2=" ">
    <subfield code="i">bc10 2018-05-21</subfield>
    <subfield code="g">bc06 2018-06-13 (telework) to SER</subfield>
    <subfield code="g">bc06 2019-01-04 (telework) to SER</subfield>
    <subfield code="g">bc06 2019-04-01 (telework) to SER</subfield>
    <subfield code="g">bc06 2019-04-05 (telework) to SER</subfield>
    <subfield code="g">bc06 2019-04-08 (telework) to SER</subfield>
    <subfield code="g">bc06 2019-04-12 (telework) to SER</subfield>
    <subfield code="g">bc06 2019-08-09 (telework) to SER</subfield>
    <subfield code="g">bc06 2019-08-12 (telework) to SER</subfield>
    <subfield code="g">bc06 2019-09-27 (telework) to SER</subfield>
    <subfield code="g">bc06 2019-09-30 (telework) to SER</subfield>
    <subfield code="g">bc06 2019-10-25 (telework/credit) to SER</subfield>
    <subfield code="g">bc06 2019-11-18 (telework) to SER</subfield>
    <subfield code="g">bc06 2019-11-29 (telework) to SER</subfield>
    <subfield code="g">bc06 2019-12-06 (telework) to SER</subfield>
    <subfield code="g">bc06 2020-01-03 (telework/credit) to SER</subfield>
  </datafield>
  <datafield tag="010" ind1=" " ind2=" ">
    <subfield code="a">  2018212977</subfield>
  </datafield>
  <datafield tag="022" ind1=" " ind2=" ">
    <subfield code="a">0302-7244</subfield>
  </datafield>
  <datafield tag="035" ind1=" " ind2=" ">
    <subfield code="a">(OCoLC)on1017111455</subfield>
  </datafield>
  <datafield tag="040" ind1=" " ind2=" ">
    <subfield code="a">X$@</subfield>
    <subfield code="b">eng</subfield>
    <subfield code="c">X$@</subfield>
    <subfield code="d">DLC</subfield>
    <subfield code="d">OCLCO</subfield>
    <subfield code="d">DLC</subfield>
    <subfield code="d">OCLCF</subfield>
    <subfield code="d">OCLCA</subfield>
  </datafield>
  <datafield tag="042" ind1=" " ind2=" ">
    <subfield code="a">pcc</subfield>
  </datafield>
  <datafield tag="043" ind1=" " ind2=" ">
    <subfield code="a">f-sa---</subfield>
  </datafield>
  <datafield tag="050" ind1="0" ind2="0">
    <subfield code="a">HQ1800.5</subfield>
    <subfield code="b">.A166</subfield>
  </datafield>
  <datafield tag="130" ind1="0" ind2=" ">
    <subfield code="a">Bona (English edition)</subfield>
  </datafield>
  <datafield tag="245" ind1="1" ind2="0">
    <subfield code="a">Bona.</subfield>
  </datafield>
  <datafield tag="250" ind1=" " ind2=" ">
    <subfield code="a">English edition</subfield>
  </datafield>
  <datafield tag="264" ind1=" " ind2="1">
    <subfield code="a">Johannesburg :</subfield>
    <subfield code="b">Caxton Magazines</subfield>
  </datafield>
  <datafield tag="300" ind1=" " ind2=" ">
    <subfield code="a">volumes :</subfield>
    <subfield code="b">color illustrations ;</subfield>
    <subfield code="c">28 cm</subfield>
  </datafield>
  <datafield tag="310" ind1=" " ind2=" ">
    <subfield code="a">Monthly</subfield>
  </datafield>
  <datafield tag="336" ind1=" " ind2=" ">
    <subfield code="a">text</subfield>
    <subfield code="b">txt</subfield>
    <subfield code="2">rdacontent</subfield>
  </datafield>
  <datafield tag="337" ind1=" " ind2=" ">
    <subfield code="a">unmediated</subfield>
    <subfield code="b">n</subfield>
    <subfield code="2">rdamedia</subfield>
  </datafield>
  <datafield tag="338" ind1=" " ind2=" ">
    <subfield code="a">volume</subfield>
    <subfield code="b">nc</subfield>
    <subfield code="2">rdacarrier</subfield>
  </datafield>
  <datafield tag="362" ind1="1" ind2=" ">
    <subfield code="a">Began publication in August 1964, as volume 9, no. 5.</subfield>
  </datafield>
  <datafield tag="515" ind1=" " ind2=" ">
    <subfield code="a">Numbering reflects that of the existing non-English editions of Bona, which began in 1956.</subfield>
  </datafield>
  <datafield tag="515" ind1=" " ind2=" ">
    <subfield code="a">Designated by volume, number, and dates, 1964- ; by date only, &lt;2017-&gt;</subfield>
  </datafield>
  <datafield tag="580" ind1=" " ind2=" ">
    <subfield code="a">Also published in Zulu, Xhosa, Sotho, and Sesotho editions, with the same title.</subfield>
  </datafield>
  <datafield tag="580" ind1=" " ind2=" ">
    <subfield code="a">Absorbed the English periodical: Zonk!, published in Johannesburg, 1949-1964.</subfield>
  </datafield>
  <datafield tag="580" ind1=" " ind2=" ">
    <subfield code="a">Absorbed the English periodical: Thandi (Mobeni, South Africa), sometime after September 1990.</subfield>
  </datafield>
  <datafield tag="588" ind1=" " ind2=" ">
    <subfield code="a">Description based on: October 2017; title from cover.</subfield>
  </datafield>
  <datafield tag="588" ind1=" " ind2=" ">
    <subfield code="a">Latest issue consulted: October 2017.</subfield>
  </datafield>
  <datafield tag="650" ind1=" " ind2="0">
    <subfield code="a">Women</subfield>
    <subfield code="z">South Africa</subfield>
    <subfield code="v">Periodicals.</subfield>
  </datafield>
  <datafield tag="650" ind1=" " ind2="7">
    <subfield code="a">Women.</subfield>
    <subfield code="2">fast</subfield>
    <subfield code="0">(OCoLC)fst01176568</subfield>
  </datafield>
  <datafield tag="651" ind1=" " ind2="7">
    <subfield code="a">South Africa.</subfield>
    <subfield code="2">fast</subfield>
    <subfield code="0">(OCoLC)fst01204616</subfield>
  </datafield>
  <datafield tag="655" ind1=" " ind2="7">
    <subfield code="a">Periodicals.</subfield>
    <subfield code="2">fast</subfield>
    <subfield code="0">(OCoLC)fst01411641</subfield>
  </datafield>
  <datafield tag="775" ind1="1" ind2=" ">
    <subfield code="t">Bona (Zulu ed.)</subfield>
    <subfield code="x">0302-9220</subfield>
    <subfield code="w">(OCoLC)70741740</subfield>
  </datafield>
  <datafield tag="775" ind1="1" ind2=" ">
    <subfield code="t">Bona (Xhosa ed.)</subfield>
    <subfield code="x">0302-9212</subfield>
    <subfield code="w">(OCoLC)70741739</subfield>
  </datafield>
  <datafield tag="775" ind1="1" ind2=" ">
    <subfield code="t">Bona (Sotho ed.)</subfield>
    <subfield code="x">0302-9239</subfield>
    <subfield code="w">(OCoLC)70740002</subfield>
  </datafield>
  <datafield tag="775" ind1="1" ind2=" ">
    <subfield code="t">Bona (Sesotho ed.)</subfield>
    <subfield code="w">(OCoLC)70741758</subfield>
  </datafield>
  <datafield tag="780" ind1="1" ind2="5">
    <subfield code="t">Zonk!</subfield>
    <subfield code="w">(OCoLC)32479432</subfield>
  </datafield>
  <datafield tag="780" ind1="1" ind2="5">
    <subfield code="t">Thandi (Mobeni, South Africa)</subfield>
  </datafield>
  <datafield tag="850" ind1=" " ind2=" ">
    <subfield code="a">DLC</subfield>
  </datafield>
  <datafield tag="859" ind1="4" ind2="1">
    <subfield code="u">https://www.bona.co.za/digital-edition/</subfield>
    <subfield code="z">Also avilable online by subscription:</subfield>
  </datafield>
</record>