
<record>
  <leader>01824cas a2200409 i 4500</leader>
  <controlfield tag="001">20506399</controlfield>
  <controlfield tag="005">20200103074232.0</controlfield>
  <controlfield tag="008">001004c200u9999sa || p       0   b0eng  </controlfield>
  <datafield tag="906" ind1=" " ind2=" ">
    <subfield code="a">7</subfield>
    <subfield code="b">cbc</subfield>
    <subfield code="c">serials</subfield>
    <subfield code="d">2</subfield>
    <subfield code="e">ncip</subfield>
    <subfield code="f">20</subfield>
    <subfield code="g">n-oclcserc</subfield>
  </datafield>
  <datafield tag="925" ind1="0" ind2=" ">
    <subfield code="a">acquire</subfield>
    <subfield code="b">1 shelf copy</subfield>
    <subfield code="x">mlp 2018-05-23</subfield>
  </datafield>
  <datafield tag="955" ind1=" " ind2=" ">
    <subfield code="i">bc10 2018-05-23</subfield>
    <subfield code="g">bc06 2018-06-13 (telework) to SER</subfield>
    <subfield code="g">bc06 2018-08-03 (telework/credit) to SER</subfield>
    <subfield code="g">bc06 2018-08-17 (telework) to SER</subfield>
    <subfield code="g">bc06 2018-11-16 (telework) to SER</subfield>
    <subfield code="g">bc06 2019-03-29 (telework/credit) to SER</subfield>
    <subfield code="g">bc06 2019-04-01 (telework) to SER</subfield>
    <subfield code="g">bc06 2019-04-05 (telework) to SER</subfield>
    <subfield code="g">bc06 2019-06-10 (telework) to SER</subfield>
    <subfield code="g">bc06 2019-12-06 (telework) to SER</subfield>
    <subfield code="g">bc06 2020-01-03 (telework) to SER</subfield>
  </datafield>
  <datafield tag="010" ind1=" " ind2=" ">
    <subfield code="a">  2018212976</subfield>
  </datafield>
  <datafield tag="022" ind1=" " ind2=" ">
    <subfield code="a">1024-3216</subfield>
    <subfield code="y">1023-6503</subfield>
    <subfield code="l">1023-6503</subfield>
  </datafield>
  <datafield tag="035" ind1=" " ind2=" ">
    <subfield code="a">(OCoLC)ocn664595383</subfield>
  </datafield>
  <datafield tag="040" ind1=" " ind2=" ">
    <subfield code="a">Y9N</subfield>
    <subfield code="b">eng</subfield>
    <subfield code="e">rda</subfield>
    <subfield code="c">Y9N</subfield>
    <subfield code="d">OCLCQ</subfield>
    <subfield code="d">OH@</subfield>
    <subfield code="d">DLC</subfield>
    <subfield code="d">OCLCF</subfield>
    <subfield code="d">OCLCA</subfield>
  </datafield>
  <datafield tag="042" ind1=" " ind2=" ">
    <subfield code="a">pcc</subfield>
  </datafield>
  <datafield tag="043" ind1=" " ind2=" ">
    <subfield code="a">f-sa---</subfield>
  </datafield>
  <datafield tag="050" ind1="0" ind2="0">
    <subfield code="a">GV928.S6</subfield>
    <subfield code="b">S23</subfield>
  </datafield>
  <datafield tag="080" ind1=" " ind2=" ">
    <subfield code="a">796.358</subfield>
  </datafield>
  <datafield tag="245" ind1="0" ind2="0">
    <subfield code="a">SAcricket.</subfield>
  </datafield>
  <datafield tag="246" ind1="1" ind2=" ">
    <subfield code="a">SA cricket</subfield>
  </datafield>
  <datafield tag="246" ind1="1" ind2=" ">
    <subfield code="a">South African cricket</subfield>
  </datafield>
  <datafield tag="264" ind1=" " ind2="1">
    <subfield code="a">Cape Town :</subfield>
    <subfield code="b">Highbury Media</subfield>
  </datafield>
  <datafield tag="300" ind1=" " ind2=" ">
    <subfield code="a">volumes :</subfield>
    <subfield code="b">color illustrations ;</subfield>
    <subfield code="c">28 cm</subfield>
  </datafield>
  <datafield tag="310" ind1=" " ind2=" ">
    <subfield code="a">8 numbers per year</subfield>
  </datafield>
  <datafield tag="336" ind1=" " ind2=" ">
    <subfield code="a">text</subfield>
    <subfield code="b">txt</subfield>
    <subfield code="2">rdacontent</subfield>
  </datafield>
  <datafield tag="337" ind1=" " ind2=" ">
    <subfield code="a">unmediated</subfield>
    <subfield code="b">n</subfield>
    <subfield code="2">rdamedia</subfield>
  </datafield>
  <datafield tag="338" ind1=" " ind2=" ">
    <subfield code="a">volume</subfield>
    <subfield code="b">nc</subfield>
    <subfield code="2">rdacarrier</subfield>
  </datafield>
  <datafield tag="588" ind1=" " ind2=" ">
    <subfield code="a">Description based on: Issue 136 (April/June 2017); title from cover.</subfield>
  </datafield>
  <datafield tag="588" ind1=" " ind2=" ">
    <subfield code="a">Latest issue consulted: Issue 136 (april/June 2017)</subfield>
  </datafield>
  <datafield tag="650" ind1=" " ind2="0">
    <subfield code="a">Cricket</subfield>
    <subfield code="z">South Africa</subfield>
    <subfield code="v">Periodicals.</subfield>
  </datafield>
  <datafield tag="650" ind1=" " ind2="7">
    <subfield code="a">Cricket.</subfield>
    <subfield code="2">fast</subfield>
    <subfield code="0">(OCoLC)fst00882917</subfield>
  </datafield>
  <datafield tag="651" ind1=" " ind2="7">
    <subfield code="a">South Africa.</subfield>
    <subfield code="2">fast</subfield>
    <subfield code="0">(OCoLC)fst01204616</subfield>
  </datafield>
  <datafield tag="655" ind1=" " ind2="7">
    <subfield code="a">Periodicals.</subfield>
    <subfield code="2">fast</subfield>
    <subfield code="0">(OCoLC)fst01411641</subfield>
  </datafield>
  <datafield tag="780" ind1="0" ind2="0">
    <subfield code="t">SA cricket action</subfield>
    <subfield code="x">1023-6503</subfield>
  </datafield>
  <datafield tag="850" ind1=" " ind2=" ">
    <subfield code="a">DLC</subfield>
  </datafield>
  <datafield tag="859" ind1="4" ind2="1">
    <subfield code="u">https://hmshop.co.za/details/view.php?mag=SA+Cricket&amp;pubid=1971</subfield>
    <subfield code="z">Some previous issues available online to subscribers:</subfield>
  </datafield>
</record>