
<record>
  <leader>02867cam a2200493 i 4500</leader>
  <controlfield tag="001">20519244</controlfield>
  <controlfield tag="005">20200103154825.0</controlfield>
  <controlfield tag="008">180525t20182018nyua   g      000 0 eng d</controlfield>
  <datafield tag="906" ind1=" " ind2=" ">
    <subfield code="a">7</subfield>
    <subfield code="b">cbc</subfield>
    <subfield code="c">copycat</subfield>
    <subfield code="d">2</subfield>
    <subfield code="e">ncip</subfield>
    <subfield code="f">20</subfield>
    <subfield code="g">y-gencatlg</subfield>
  </datafield>
  <datafield tag="925" ind1="0" ind2=" ">
    <subfield code="a">acquire</subfield>
    <subfield code="b">1 shelf copy</subfield>
    <subfield code="x">policy default</subfield>
  </datafield>
  <datafield tag="955" ind1=" " ind2=" ">
    <subfield code="a">vl34 2019-08-30 z-client</subfield>
    <subfield code="b">vl34 2019-08-30</subfield>
    <subfield code="i">vl31 2019-12-06 telework</subfield>
    <subfield code="a">vl34 2020-01-03  c. 1 to Music Division</subfield>
  </datafield>
  <datafield tag="955" ind1=" " ind2=" ">
    <subfield code="a">pc21 2018-05-25</subfield>
  </datafield>
  <datafield tag="010" ind1=" " ind2=" ">
    <subfield code="a">  2018946137</subfield>
  </datafield>
  <datafield tag="015" ind1=" " ind2=" ">
    <subfield code="a">GBB8K9877</subfield>
    <subfield code="2">bnb</subfield>
  </datafield>
  <datafield tag="016" ind1="7" ind2=" ">
    <subfield code="a">019123731</subfield>
    <subfield code="2">Uk</subfield>
  </datafield>
  <datafield tag="020" ind1=" " ind2=" ">
    <subfield code="a">1419734318</subfield>
    <subfield code="q">hardcover</subfield>
  </datafield>
  <datafield tag="020" ind1=" " ind2=" ">
    <subfield code="a">9781419734311</subfield>
    <subfield code="q">hardcover</subfield>
  </datafield>
  <datafield tag="035" ind1=" " ind2=" ">
    <subfield code="a">(OCoLC)on1031338532</subfield>
  </datafield>
  <datafield tag="035" ind1=" " ind2=" ">
    <subfield code="a">(OCoLC)1031338532</subfield>
    <subfield code="z">(OCoLC)1031360590</subfield>
  </datafield>
  <datafield tag="040" ind1=" " ind2=" ">
    <subfield code="a">YDX</subfield>
    <subfield code="b">eng</subfield>
    <subfield code="e">rda</subfield>
    <subfield code="c">YDX</subfield>
    <subfield code="d">NYP</subfield>
    <subfield code="d">YDX</subfield>
    <subfield code="d">OCLCF</subfield>
    <subfield code="d">JTH</subfield>
    <subfield code="d">UKMGB</subfield>
    <subfield code="d">NZAUC</subfield>
    <subfield code="d">OCLCO</subfield>
    <subfield code="d">OCL</subfield>
    <subfield code="d">STF</subfield>
    <subfield code="d">OCLCO</subfield>
    <subfield code="d">PUL</subfield>
    <subfield code="d">UAB</subfield>
    <subfield code="d">COO</subfield>
    <subfield code="d">OCLCO</subfield>
    <subfield code="d">NZIPP</subfield>
    <subfield code="d">OCLCO</subfield>
    <subfield code="d">TEU</subfield>
    <subfield code="d">OCL</subfield>
    <subfield code="d">OCLCO</subfield>
    <subfield code="d">DLC</subfield>
  </datafield>
  <datafield tag="042" ind1=" " ind2=" ">
    <subfield code="a">lccopycat</subfield>
  </datafield>
  <datafield tag="050" ind1="0" ind2="0">
    <subfield code="a">ML87</subfield>
    <subfield code="b">.V63 2018</subfield>
  </datafield>
  <datafield tag="082" ind1="0" ind2="4">
    <subfield code="a">741.652</subfield>
    <subfield code="2">23</subfield>
  </datafield>
  <datafield tag="082" ind1="0" ind2="4">
    <subfield code="a">770</subfield>
  </datafield>
  <datafield tag="245" ind1="0" ind2="0">
    <subfield code="a">Vogue x music /</subfield>
    <subfield code="c">edited by Taylor Antrim ; introduction by Jonathan Van Meter.</subfield>
  </datafield>
  <datafield tag="264" ind1=" " ind2="1">
    <subfield code="a">New York :</subfield>
    <subfield code="b">Abrams, an imprint of ABRAMS,</subfield>
    <subfield code="c">2018.</subfield>
  </datafield>
  <datafield tag="264" ind1=" " ind2="4">
    <subfield code="c">©2018</subfield>
  </datafield>
  <datafield tag="300" ind1=" " ind2=" ">
    <subfield code="a">319 pages :</subfield>
    <subfield code="b">illustrations (chiefly color) ;</subfield>
    <subfield code="c">32 cm</subfield>
  </datafield>
  <datafield tag="336" ind1=" " ind2=" ">
    <subfield code="a">text</subfield>
    <subfield code="b">txt</subfield>
    <subfield code="2">rdacontent</subfield>
  </datafield>
  <datafield tag="336" ind1=" " ind2=" ">
    <subfield code="a">still image</subfield>
    <subfield code="b">sti</subfield>
    <subfield code="2">rdacontent</subfield>
  </datafield>
  <datafield tag="337" ind1=" " ind2=" ">
    <subfield code="a">unmediated</subfield>
    <subfield code="b">n</subfield>
    <subfield code="2">rdamedia</subfield>
  </datafield>
  <datafield tag="338" ind1=" " ind2=" ">
    <subfield code="a">volume</subfield>
    <subfield code="b">nc</subfield>
    <subfield code="2">rdacarrier</subfield>
  </datafield>
  <datafield tag="520" ind1="8" ind2=" ">
    <subfield code="a">Vogue has always been on the cutting edge of popular culture, and &apos;Vogue x Music&apos; shows us why. Whether they&apos;re contemporary stars or classic idols, whether they made digital albums or vinyl records, the world&apos;s most popular musicians have always graced the pages of Vogue. In this book you&apos;ll find unforgettable images of Madonna beside David Bowie, Kendrick Lamar and Patti Smith, St. Vincent alongside Debbie Harry, and much more. Spanning the magazine&apos;s 126 years, this breathtaking book is filled with portraits by acclaimed photographers like Richard Avedon and Annie Leibovitz as well as daring, music-inspired fashion editorials from the likes of Irving Penn and Steven Klein. Quotes from essential interviews with rock stars, blues singers, rappers, and others are peppered throughout this book, capturing exactly what makes each musician so indelible. &apos;Vogue x Music&apos; is a testament to star power, and proves that some looks are as timeless as your favorite albums.</subfield>
  </datafield>
  <datafield tag="650" ind1=" " ind2="0">
    <subfield code="a">Musicians</subfield>
    <subfield code="v">Portraits.</subfield>
  </datafield>
  <datafield tag="630" ind1="0" ind2="0">
    <subfield code="a">Vogue (London, England)</subfield>
    <subfield code="v">Illustrations.</subfield>
  </datafield>
  <datafield tag="650" ind1=" " ind2="0">
    <subfield code="a">Musicians</subfield>
    <subfield code="x">Quotations.</subfield>
  </datafield>
  <datafield tag="650" ind1=" " ind2="0">
    <subfield code="a">Celebrities</subfield>
    <subfield code="v">Portraits.</subfield>
  </datafield>
  <datafield tag="650" ind1=" " ind2="0">
    <subfield code="a">Celebrities</subfield>
    <subfield code="x">Quotations.</subfield>
  </datafield>
  <datafield tag="650" ind1=" " ind2="0">
    <subfield code="a">Fashion photography.</subfield>
  </datafield>
  <datafield tag="655" ind1=" " ind2="7">
    <subfield code="a">Photobooks.</subfield>
    <subfield code="2">lcgft</subfield>
  </datafield>
  <datafield tag="700" ind1="1" ind2=" ">
    <subfield code="a">Antrim, Taylor,</subfield>
    <subfield code="e">editor.</subfield>
  </datafield>
  <datafield tag="700" ind1="1" ind2=" ">
    <subfield code="a">Van Meter, Jonathan,</subfield>
    <subfield code="e">writer of introduction.</subfield>
  </datafield>
  <datafield tag="730" ind1="0" ind2=" ">
    <subfield code="a">Vogue (London, England)</subfield>
  </datafield>
  <datafield tag="963" ind1=" " ind2=" ">
    <subfield code="a">Carson Lombardi; phone: (212) 2298817; email: clombardi@abramsbooks.com; bc: clombardi@abramsbooks.com</subfield>
  </datafield>
</record>