
<record>
  <leader>03139cam a22003738i 4500</leader>
  <controlfield tag="001">20527486</controlfield>
  <controlfield tag="005">20200103141640.0</controlfield>
  <controlfield tag="008">180604s2018    nyu      b    001 0 eng  </controlfield>
  <datafield tag="906" ind1=" " ind2=" ">
    <subfield code="a">0</subfield>
    <subfield code="b">vip</subfield>
    <subfield code="c">orignew</subfield>
    <subfield code="d">1</subfield>
    <subfield code="e">ecip</subfield>
    <subfield code="f">20</subfield>
    <subfield code="g">y-gencatlg</subfield>
  </datafield>
  <datafield tag="925" ind1="0" ind2=" ">
    <subfield code="a">acquire</subfield>
    <subfield code="b">1 shelf copy</subfield>
    <subfield code="x">policy default</subfield>
  </datafield>
  <datafield tag="955" ind1=" " ind2=" ">
    <subfield code="b">rk21 2018-06-04</subfield>
    <subfield code="c">rk21 2018-06-04 to rk09 for review</subfield>
    <subfield code="d">rk09 2018-06-05 to Dewey</subfield>
    <subfield code="w">xm08 2018-06-06</subfield>
    <subfield code="a">xn11 2018-06-12 1 copy rec&apos;d., to CIP ver.</subfield>
    <subfield code="a">rk20 2018-06-27 book received in ART</subfield>
    <subfield code="f">rl06 2019-07-15 to CALM</subfield>
    <subfield code="a">rl06 2019-10-21 to NAP</subfield>
  </datafield>
  <datafield tag="010" ind1=" " ind2=" ">
    <subfield code="a">  2018026912</subfield>
  </datafield>
  <datafield tag="020" ind1=" " ind2=" ">
    <subfield code="a">9781632864949 (hardcover : alk. paper)</subfield>
  </datafield>
  <datafield tag="040" ind1=" " ind2=" ">
    <subfield code="a">DLC</subfield>
    <subfield code="b">eng</subfield>
    <subfield code="c">DLC</subfield>
    <subfield code="e">rda</subfield>
    <subfield code="d">DLC</subfield>
  </datafield>
  <datafield tag="042" ind1=" " ind2=" ">
    <subfield code="a">pcc</subfield>
  </datafield>
  <datafield tag="043" ind1=" " ind2=" ">
    <subfield code="a">e-sp---</subfield>
  </datafield>
  <datafield tag="050" ind1="0" ind2="0">
    <subfield code="a">TX723.5.S7</subfield>
    <subfield code="b">V49 2018</subfield>
  </datafield>
  <datafield tag="082" ind1="0" ind2="0">
    <subfield code="a">641.59467</subfield>
    <subfield code="2">23</subfield>
  </datafield>
  <datafield tag="100" ind1="1" ind2=" ">
    <subfield code="a">Vidal, Marc,</subfield>
    <subfield code="e">author.</subfield>
  </datafield>
  <datafield tag="245" ind1="1" ind2="0">
    <subfield code="a">Boqueria :</subfield>
    <subfield code="b">a cookbook, from Barcelona to New York /</subfield>
    <subfield code="c">Marc Vidal &amp; Yann de Rochefort ; with Zack Bezunartea.</subfield>
  </datafield>
  <datafield tag="250" ind1=" " ind2=" ">
    <subfield code="a">First edition.</subfield>
  </datafield>
  <datafield tag="264" ind1=" " ind2="1">
    <subfield code="a">New York :</subfield>
    <subfield code="b">Bloomsbury Publishing,</subfield>
    <subfield code="c">[2018]</subfield>
  </datafield>
  <datafield tag="300" ind1=" " ind2=" ">
    <subfield code="a">pages cm</subfield>
  </datafield>
  <datafield tag="336" ind1=" " ind2=" ">
    <subfield code="a">text</subfield>
    <subfield code="b">txt</subfield>
    <subfield code="2">rdacontent</subfield>
  </datafield>
  <datafield tag="337" ind1=" " ind2=" ">
    <subfield code="a">unmediated</subfield>
    <subfield code="b">n</subfield>
    <subfield code="2">rdamedia</subfield>
  </datafield>
  <datafield tag="338" ind1=" " ind2=" ">
    <subfield code="a">volume</subfield>
    <subfield code="b">nc</subfield>
    <subfield code="2">rdacarrier</subfield>
  </datafield>
  <datafield tag="504" ind1=" " ind2=" ">
    <subfield code="a">Includes bibliographical references and index.</subfield>
  </datafield>
  <datafield tag="505" ind1="0" ind2=" ">
    <subfield code="a">The classics salads eggs vegetables -- Rice &amp; noodles seafood -- Meat &amp; poultry desserts -- Drinks bases.</subfield>
  </datafield>
  <datafield tag="520" ind1=" " ind2=" ">
    <subfield code="a">&quot;A sublime collection of traditional Spanish and Tapas recipes. Boqueria captures the soul of Spanish cuisine.&quot; --James Beard Award-winning chef and cookbook author Alfred Portale For over a decade New York City&apos;s famed Boqueria restaurants have been distilling the energy, atmosphere, and flavors of Barcelona, becoming a place where patrons share excellent wine and exquisite dishes. From traditional tapas like crispy patatas bravas and bacon-wrapped dates to classic favorites like garlicky sautéed shrimp, pork meatballs, and saffron-spiced seafood paella, Boqueria captures the very best of Spanish cuisine. For this sumptuous cookbook, restaurateur Yann de Rochefort and Executive Chef Marc Vidal tell the story of Boqueria, which has now spread to four New York City locations as well as to Washington, D.C. While the recipes--all deeply rooted in Barcelona&apos;s culinary culture--take center stage with phenomenal food photography, Boqueria also swings open the kitchen doors to reveal the bustling life of the restaurant, and offers exciting glimpses of the locales that inspire it: the bars, markets, and cervezerias of Barcelona. Transporting us to the busy, colorful stalls of legendary fresh market &quot;La Boqueria,&quot; these portraits of the Spanish city are so vibrant that you can almost smell the Mediterranean&apos;s salt air. Boqueria&apos;s recipes are delectable variations on authentic Barcelona fare, but more than that; along with their origin stories, these recipes inspire a bit of the Boqueria experience--the cooking, the conversations, and the connections--in your own home&quot;--</subfield>
    <subfield code="c">Provided by publisher.</subfield>
  </datafield>
  <datafield tag="650" ind1=" " ind2="0">
    <subfield code="a">Cooking, Spanish</subfield>
    <subfield code="x">Catalonian style.</subfield>
  </datafield>
  <datafield tag="610" ind1="2" ind2="0">
    <subfield code="a">Boqueria (Restaurant)</subfield>
  </datafield>
  <datafield tag="655" ind1=" " ind2="7">
    <subfield code="a">Cookbooks.</subfield>
    <subfield code="2">lcgft</subfield>
  </datafield>
  <datafield tag="700" ind1="1" ind2=" ">
    <subfield code="a">De Rochefort, Yann,</subfield>
    <subfield code="e">author.</subfield>
  </datafield>
  <datafield tag="700" ind1="1" ind2=" ">
    <subfield code="a">Bezunartea, Zack,</subfield>
    <subfield code="e">author.</subfield>
  </datafield>
</record>