
<record>
  <leader>01585cam a2200313 i 4500</leader>
  <controlfield tag="001">20529867</controlfield>
  <controlfield tag="005">20200103122133.0</controlfield>
  <controlfield tag="008">180606s2018    nyuaf         000 0aeng  </controlfield>
  <datafield tag="906" ind1=" " ind2=" ">
    <subfield code="a">7</subfield>
    <subfield code="b">cbc</subfield>
    <subfield code="c">orignew</subfield>
    <subfield code="d">1</subfield>
    <subfield code="e">ecip</subfield>
    <subfield code="f">20</subfield>
    <subfield code="g">y-gencatlg</subfield>
  </datafield>
  <datafield tag="925" ind1="0" ind2=" ">
    <subfield code="a">acquire</subfield>
    <subfield code="b">1 shelf copy</subfield>
    <subfield code="x">policy default</subfield>
  </datafield>
  <datafield tag="955" ind1=" " ind2=" ">
    <subfield code="b">rk10 2018-06-04</subfield>
    <subfield code="c">rk10 2018-06-04 (telework) to subject</subfield>
    <subfield code="d">rk02 2018-06-28 to Dewey (telework)</subfield>
    <subfield code="w">xm07 2018-07-03</subfield>
    <subfield code="a">xn13 2018-10-05 1 copy rec&apos;d., to CIP ver.</subfield>
    <subfield code="f">rk06 2018-10-23 to BCCD</subfield>
  </datafield>
  <datafield tag="010" ind1=" " ind2=" ">
    <subfield code="a">  2018009054</subfield>
  </datafield>
  <datafield tag="020" ind1=" " ind2=" ">
    <subfield code="a">9781640650893 (pbk.)</subfield>
  </datafield>
  <datafield tag="040" ind1=" " ind2=" ">
    <subfield code="a">DLC</subfield>
    <subfield code="b">eng</subfield>
    <subfield code="c">DLC</subfield>
    <subfield code="e">rda</subfield>
    <subfield code="d">DLC</subfield>
  </datafield>
  <datafield tag="042" ind1=" " ind2=" ">
    <subfield code="a">pcc</subfield>
  </datafield>
  <datafield tag="050" ind1="0" ind2="0">
    <subfield code="a">BX5995.H345</subfield>
    <subfield code="b">A3 2018</subfield>
  </datafield>
  <datafield tag="082" ind1="0" ind2="0">
    <subfield code="a">283.092</subfield>
    <subfield code="a">B</subfield>
    <subfield code="2">23</subfield>
  </datafield>
  <datafield tag="100" ind1="1" ind2=" ">
    <subfield code="a">Harris, Barbara C.</subfield>
    <subfield code="q">(Barbara Clementine),</subfield>
    <subfield code="e">author.</subfield>
  </datafield>
  <datafield tag="245" ind1="1" ind2="0">
    <subfield code="a">Hallelujah, anyhow! :</subfield>
    <subfield code="b">a memoir /</subfield>
    <subfield code="c">Barbara C. Harris, with Kelly Brown Douglas.</subfield>
  </datafield>
  <datafield tag="264" ind1=" " ind2="1">
    <subfield code="a">New York :</subfield>
    <subfield code="b">Church Publishing Incorporated,</subfield>
    <subfield code="c">[2018]</subfield>
  </datafield>
  <datafield tag="300" ind1=" " ind2=" ">
    <subfield code="a">xxii, 136 pages, [8] pages of plates :</subfield>
    <subfield code="b">chiefly color illustrations ;</subfield>
    <subfield code="c">22 cm</subfield>
  </datafield>
  <datafield tag="336" ind1=" " ind2=" ">
    <subfield code="a">text</subfield>
    <subfield code="b">txt</subfield>
    <subfield code="2">rdacontent</subfield>
  </datafield>
  <datafield tag="337" ind1=" " ind2=" ">
    <subfield code="a">unmediated</subfield>
    <subfield code="b">n</subfield>
    <subfield code="2">rdamedia</subfield>
  </datafield>
  <datafield tag="338" ind1=" " ind2=" ">
    <subfield code="a">volume</subfield>
    <subfield code="b">nc</subfield>
    <subfield code="2">rdacarrier</subfield>
  </datafield>
  <datafield tag="505" ind1="0" ind2=" ">
    <subfield code="a">Cloud of witnesses -- Church girl / School Girl -- The outsider within -- A Jesus movement -- An Episcopal first -- Into the house of bishops -- Full circle.</subfield>
  </datafield>
  <datafield tag="600" ind1="1" ind2="0">
    <subfield code="a">Harris, Barbara C.</subfield>
    <subfield code="q">(Barbara Clementine).</subfield>
  </datafield>
  <datafield tag="610" ind1="2" ind2="0">
    <subfield code="a">Episcopal Church</subfield>
    <subfield code="x">Bishops</subfield>
    <subfield code="v">Biography.</subfield>
  </datafield>
  <datafield tag="650" ind1=" " ind2="0">
    <subfield code="a">African American women clergy</subfield>
    <subfield code="v">Biography.</subfield>
  </datafield>
  <datafield tag="776" ind1="0" ind2="8">
    <subfield code="i">Online version:</subfield>
    <subfield code="a">Harris, Barbara C. (Barbara Clementine), author.</subfield>
    <subfield code="t">Hallelujah, anyhow!</subfield>
    <subfield code="d">New York : Church Publishing, 2018</subfield>
    <subfield code="z">9781640650909</subfield>
    <subfield code="w">(DLC) 2018032270</subfield>
  </datafield>
</record>