
<record>
  <leader>01385cam a22002777i 4500</leader>
  <controlfield tag="001">20538229</controlfield>
  <controlfield tag="005">20200103151320.0</controlfield>
  <controlfield tag="008">180612s2016    mx       b    000 0 spa  </controlfield>
  <datafield tag="906" ind1=" " ind2=" ">
    <subfield code="a">7</subfield>
    <subfield code="b">cbc</subfield>
    <subfield code="c">orignew</subfield>
    <subfield code="d">3</subfield>
    <subfield code="e">ncip</subfield>
    <subfield code="f">20</subfield>
    <subfield code="g">y-gencatlg</subfield>
  </datafield>
  <datafield tag="925" ind1="0" ind2=" ">
    <subfield code="a">acquire</subfield>
    <subfield code="b">1 shelf copy</subfield>
    <subfield code="x">policy default</subfield>
  </datafield>
  <datafield tag="955" ind1=" " ind2=" ">
    <subfield code="e">bf27 2018-06-12 to ALAWE/MCAC</subfield>
    <subfield code="b">bf03 2018-07-06</subfield>
    <subfield code="c">bf03 2018-07-06 to subject</subfield>
    <subfield code="d">bf09 2018-07-10 (telework)</subfield>
    <subfield code="e">bf09 2018-07-10 (telework)</subfield>
  </datafield>
  <datafield tag="010" ind1=" " ind2=" ">
    <subfield code="a">  2018370917</subfield>
  </datafield>
  <datafield tag="020" ind1=" " ind2=" ">
    <subfield code="a">9786078446711</subfield>
  </datafield>
  <datafield tag="040" ind1=" " ind2=" ">
    <subfield code="a">DLC</subfield>
    <subfield code="b">eng</subfield>
    <subfield code="e">rda</subfield>
    <subfield code="c">DLC</subfield>
  </datafield>
  <datafield tag="050" ind1="0" ind2="0">
    <subfield code="a">PQ7298.13.R67</subfield>
    <subfield code="b">I362 2016</subfield>
  </datafield>
  <datafield tag="100" ind1="1" ind2=" ">
    <subfield code="a">Torres Mojica, Tarik,</subfield>
    <subfield code="e">author.</subfield>
  </datafield>
  <datafield tag="245" ind1="1" ind2="0">
    <subfield code="a">Idos de la mente :</subfield>
    <subfield code="b">una novela desde las fronteras de lo literario y la geografía  /</subfield>
    <subfield code="c">Tarik Torres Mojica.</subfield>
  </datafield>
  <datafield tag="250" ind1=" " ind2=" ">
    <subfield code="a">1a edición.</subfield>
  </datafield>
  <datafield tag="264" ind1=" " ind2="1">
    <subfield code="a">Guanajuato, Gto. :</subfield>
    <subfield code="b">Universidad de Guanajuato, Campus de Guanajuato, División de Ciencias Sociales y Humanicad, Cátedra de Filosofía y Literatura José Revueltases ;</subfield>
    <subfield code="a">[Distrito Federal, Mexico] :</subfield>
    <subfield code="b">Ediciones del Lirio,</subfield>
    <subfield code="c">2016.</subfield>
  </datafield>
  <datafield tag="300" ind1=" " ind2=" ">
    <subfield code="a">180  pages ;</subfield>
    <subfield code="c">21 cm.</subfield>
  </datafield>
  <datafield tag="336" ind1=" " ind2=" ">
    <subfield code="a">text</subfield>
    <subfield code="b">txt</subfield>
    <subfield code="2">rdacontent</subfield>
  </datafield>
  <datafield tag="337" ind1=" " ind2=" ">
    <subfield code="a">unmediated</subfield>
    <subfield code="b">n</subfield>
    <subfield code="2">rdamedia</subfield>
  </datafield>
  <datafield tag="338" ind1=" " ind2=" ">
    <subfield code="a">volume</subfield>
    <subfield code="b">nc</subfield>
    <subfield code="2">rdacarrier</subfield>
  </datafield>
  <datafield tag="490" ind1="0" ind2=" ">
    <subfield code="a">Colección Estudios filosóficos y literarios / Cátedra de Filosofía y Literatura José Revueltas</subfield>
  </datafield>
  <datafield tag="504" ind1=" " ind2=" ">
    <subfield code="a">Includes bibliographical references (pages 175-180).</subfield>
  </datafield>
  <datafield tag="600" ind1="1" ind2="0">
    <subfield code="a">Crosthwaite, Luis Humberto,</subfield>
    <subfield code="d">1962-</subfield>
    <subfield code="t">Idos de la Mente</subfield>
  </datafield>
</record>