
<record>
  <leader>02313cam a22004577i 4500</leader>
  <controlfield tag="001">20545767</controlfield>
  <controlfield tag="005">20200103151320.0</controlfield>
  <controlfield tag="007">ta</controlfield>
  <controlfield tag="007">cr cn||a||||||</controlfield>
  <controlfield tag="007">aj canzn</controlfield>
  <controlfield tag="008">180616s2016    aku          f000 0 eng c</controlfield>
  <datafield tag="906" ind1=" " ind2=" ">
    <subfield code="a">7</subfield>
    <subfield code="b">cbc</subfield>
    <subfield code="c">pccadap</subfield>
    <subfield code="d">2</subfield>
    <subfield code="e">ncip</subfield>
    <subfield code="f">20</subfield>
    <subfield code="g">y-gencatlg</subfield>
  </datafield>
  <datafield tag="925" ind1="0" ind2=" ">
    <subfield code="a">acquire</subfield>
    <subfield code="b">1 shelf copy</subfield>
    <subfield code="x">policy default</subfield>
  </datafield>
  <datafield tag="955" ind1=" " ind2=" ">
    <subfield code="b">hk13 2018-06-16 z-processor</subfield>
    <subfield code="i">hf06 208-08-11 to Dewey</subfield>
    <subfield code="w">xm08 2019-01-28 (telework)</subfield>
  </datafield>
  <datafield tag="010" ind1=" " ind2=" ">
    <subfield code="a">  2018379947</subfield>
  </datafield>
  <datafield tag="035" ind1=" " ind2=" ">
    <subfield code="a">(OCoLC)ocn970664034</subfield>
  </datafield>
  <datafield tag="040" ind1=" " ind2=" ">
    <subfield code="a">AGL</subfield>
    <subfield code="b">eng</subfield>
    <subfield code="c">AGL</subfield>
    <subfield code="e">rda</subfield>
    <subfield code="d">RLA</subfield>
    <subfield code="d">OCLCF</subfield>
    <subfield code="d">GPO</subfield>
    <subfield code="d">OCLCQ</subfield>
    <subfield code="d">OCL</subfield>
    <subfield code="d">GPO</subfield>
    <subfield code="d">DLC</subfield>
  </datafield>
  <datafield tag="043" ind1=" " ind2=" ">
    <subfield code="a">n-us-ak</subfield>
  </datafield>
  <datafield tag="050" ind1="0" ind2="0">
    <subfield code="a">SD428.T6</subfield>
    <subfield code="b">T6634 2016</subfield>
  </datafield>
  <datafield tag="082" ind1="0" ind2="0">
    <subfield code="a">634.9/2097982</subfield>
    <subfield code="2">23</subfield>
  </datafield>
  <datafield tag="086" ind1="0" ind2=" ">
    <subfield code="a">A 13.105/2:R 10-MB-769 I</subfield>
  </datafield>
  <datafield tag="110" ind1="2" ind2=" ">
    <subfield code="a">Tongass National Forest (Agency : U.S.),</subfield>
    <subfield code="e">author.</subfield>
  </datafield>
  <datafield tag="245" ind1="1" ind2="0">
    <subfield code="a">Tongass National Forest land and resource management plan amendment, 2016 environmental impact statement, record of decision /</subfield>
    <subfield code="c">United States Department of Agriculture, Forest Service, Alaska Region, Tongass National Forest.</subfield>
  </datafield>
  <datafield tag="246" ind1="1" ind2="4">
    <subfield code="a">Tongass land and resource management plan, record of decision</subfield>
  </datafield>
  <datafield tag="264" ind1=" " ind2="1">
    <subfield code="a">[Ketchikan, Alaska] :</subfield>
    <subfield code="b">United States Department of Agriculture, Forest Service, Alaska Region, Tongass National Forest,</subfield>
    <subfield code="c">December 2016.</subfield>
  </datafield>
  <datafield tag="300" ind1=" " ind2=" ">
    <subfield code="a">vi, 47 pages ;</subfield>
    <subfield code="c">28 cm +</subfield>
    <subfield code="e">maps (color ; 83 x 53 cm).</subfield>
  </datafield>
  <datafield tag="336" ind1=" " ind2=" ">
    <subfield code="a">text</subfield>
    <subfield code="b">txt</subfield>
    <subfield code="2">rdacontent</subfield>
  </datafield>
  <datafield tag="337" ind1=" " ind2=" ">
    <subfield code="a">unmediated</subfield>
    <subfield code="b">n</subfield>
    <subfield code="2">rdamedia</subfield>
  </datafield>
  <datafield tag="338" ind1=" " ind2=" ">
    <subfield code="a">volume</subfield>
    <subfield code="b">nc</subfield>
    <subfield code="2">rdacarrier</subfield>
  </datafield>
  <datafield tag="490" ind1="1" ind2=" ">
    <subfield code="a">R10-MB ;</subfield>
    <subfield code="v">769l</subfield>
  </datafield>
  <datafield tag="530" ind1=" " ind2=" ">
    <subfield code="a">Available also in electronic format on the Internet.</subfield>
  </datafield>
  <datafield tag="500" ind1=" " ind2=" ">
    <subfield code="a">Map titled: Record of decision land use designations.</subfield>
  </datafield>
  <datafield tag="500" ind1=" " ind2=" ">
    <subfield code="a">Print format not distributed to depository libraries.</subfield>
  </datafield>
  <datafield tag="650" ind1=" " ind2="0">
    <subfield code="a">Forest management</subfield>
    <subfield code="z">Alaska</subfield>
    <subfield code="z">Tongass National Forest.</subfield>
  </datafield>
  <datafield tag="651" ind1=" " ind2="0">
    <subfield code="a">Tongass National Forest (Alaska)</subfield>
    <subfield code="x">Management</subfield>
    <subfield code="x">Planning.</subfield>
  </datafield>
  <datafield tag="650" ind1=" " ind2="0">
    <subfield code="a">Forest reserves</subfield>
    <subfield code="z">Alaska</subfield>
    <subfield code="z">Tongass National Forest</subfield>
    <subfield code="x">Planning.</subfield>
  </datafield>
  <datafield tag="650" ind1=" " ind2="0">
    <subfield code="a">Forest policy</subfield>
    <subfield code="z">Alaska</subfield>
    <subfield code="z">Tongass National Forest.</subfield>
  </datafield>
  <datafield tag="650" ind1=" " ind2="0">
    <subfield code="a">Logging</subfield>
    <subfield code="x">Environmental aspects</subfield>
    <subfield code="z">Alaska</subfield>
    <subfield code="z">Tongass National Forest.</subfield>
  </datafield>
  <datafield tag="650" ind1=" " ind2="0">
    <subfield code="a">Environmental impact statements</subfield>
    <subfield code="z">Alaska</subfield>
    <subfield code="z">Tongass National Forest.</subfield>
  </datafield>
  <datafield tag="776" ind1="1" ind2=" ">
    <subfield code="a">Tongass National Forest (Agency : U.S.).</subfield>
    <subfield code="t">Tongass National Forest land and resource management plan amendment, 2016 environmental impact statement, record of decision</subfield>
    <subfield code="w">(OCoLC)974646344</subfield>
  </datafield>
  <datafield tag="830" ind1=" " ind2="0">
    <subfield code="a">R10-MB ;</subfield>
    <subfield code="v">769l.</subfield>
  </datafield>
</record>