
<record>
  <leader>05130cam a2200529 i 4500</leader>
  <controlfield tag="001">20551171</controlfield>
  <controlfield tag="005">20200103163623.0</controlfield>
  <controlfield tag="008">180621s1816    au            000 0 chu  </controlfield>
  <datafield tag="906" ind1=" " ind2=" ">
    <subfield code="a">7</subfield>
    <subfield code="b">cbc</subfield>
    <subfield code="c">premver</subfield>
    <subfield code="d">2</subfield>
    <subfield code="e">ncip</subfield>
    <subfield code="f">19</subfield>
    <subfield code="g">y-genrareb</subfield>
  </datafield>
  <datafield tag="925" ind1="0" ind2=" ">
    <subfield code="a">acquire</subfield>
    <subfield code="b">1 shelf copy</subfield>
    <subfield code="x">policy default</subfield>
  </datafield>
  <datafield tag="955" ind1=" " ind2=" ">
    <subfield code="b">fg23 2019-10-18</subfield>
    <subfield code="c">fg23 2019-10-18 NEW INPUT</subfield>
    <subfield code="i">fg15 2019-10-29</subfield>
    <subfield code="u">fg15 2019-11-05</subfield>
    <subfield code="r">he07 2019-11-20</subfield>
    <subfield code="a">fg15 2020-01-03 to RM</subfield>
  </datafield>
  <datafield tag="010" ind1=" " ind2=" ">
    <subfield code="a">   76526166 </subfield>
  </datafield>
  <datafield tag="040" ind1=" " ind2=" ">
    <subfield code="a">DLC</subfield>
    <subfield code="b">eng</subfield>
    <subfield code="e">rda</subfield>
    <subfield code="c">DLC</subfield>
    <subfield code="d">DLC</subfield>
  </datafield>
  <datafield tag="050" ind1="0" ind2="0">
    <subfield code="a">BV4509.B8</subfield>
    <subfield code="b">P43 1816</subfield>
  </datafield>
  <datafield tag="066" ind1=" " ind2=" ">
    <subfield code="c">(N</subfield>
  </datafield>
  <datafield tag="100" ind1="1" ind2=" ">
    <subfield code="6">880-01</subfield>
    <subfield code="a">Peĭchinovich, Kiril,</subfield>
    <subfield code="d">approximately 1771-1845,</subfield>
    <subfield code="e">author.</subfield>
  </datafield>
  <datafield tag="880" ind1="1" ind2=" ">
    <subfield code="6">100-01/(N</subfield>
    <subfield code="a">Пейчинович, Кирил,</subfield>
    <subfield code="d">approximately 1771-1845,</subfield>
    <subfield code="e">author.</subfield>
  </datafield>
  <datafield tag="245" ind1="0" ind2="0">
    <subfield code="6">880-02</subfield>
    <subfield code="a">Kniga sīę zovomaę Ōgledalo :</subfield>
    <subfield code="b">ōpisasę radi potreby i polzovanīę preprost i︠e︡ĭshymʺ i ne knizhnymʺ  i︠a︡zykōm Bolgarskim dolnīę Mv̇ssīi /</subfield>
    <subfield code="c">mnogogrei︠e︡shnymʺ vo Īeromonasi︠e︡khʺ i nedostoĭni︠e︡ĭshymʺ Īgūmenom Kralʹ Markovagō Monastyrę, izhe vo Skopīe u Markoa reka khrama svętagō velikomūchenika Dimitrīa Kẏrīll Tetoet︠s︡ Peĭchinoviǵʹ i izdasę na tẏp izhdivenīem i potshtanīem Blagogověĭnagō vo Svęshtennit︠s︡ěkh gospodina Koste Stoshiǵa, Popa ō︠t︡ Prizrena grada.</subfield>
  </datafield>
  <datafield tag="880" ind1="0" ind2="0">
    <subfield code="6">245-02/(N</subfield>
    <subfield code="a">Книга сїѫ  зовомаѫ Ѡгледало :</subfield>
    <subfield code="b">ωписасѫ ради потребy и ползованїѫ препростейшымъ и не книжнымъ языкωмъ Болгарскимъ долнїѫ Мѵссїи /</subfield>
    <subfield code="c">многогрѣшнымъ во Īеромонасѣхъ и недостойнѣйшымъ Īг&amp;#xA64B;меном Краль Марковагω Монастырѫ, иже во Скопīе оу Маркоа река храма свеѫтагω великом&amp;#xA64B;ченика Димитрīа Кẏрīллъ Тетоецъ Пейчиновићь и издасѫ на тẏпъ иждивенїемъ и потщанїемъ Благоговѣйнагω во Свѫщенницѣхъ господина Косте Стошића, Попа ω Призрена града.</subfield>
  </datafield>
  <datafield tag="246" ind1="3" ind2=" ">
    <subfield code="6">880-03</subfield>
    <subfield code="a">Kniga sii︠a︡ zovomai︠a︡ Ogledalo :</subfield>
    <subfield code="b">opisasi︠a︡ radi potrebi i polzovanii︠a︡ preprosteĭshim i ne knizhnim i︠a︡zikom Bolgarskim dolnii︠a︡ Missii</subfield>
  </datafield>
  <datafield tag="880" ind1="3" ind2=" ">
    <subfield code="6">246-03/(N</subfield>
    <subfield code="a">Книга сия зовомая Oгледало :</subfield>
    <subfield code="b">описася ради потреби и ползования препростейшим и не книжним язиком Болгарским долния Миссии</subfield>
  </datafield>
  <datafield tag="246" ind1="3" ind2=" ">
    <subfield code="a">Ōgledalo :</subfield>
    <subfield code="b">ōpisasę radi potreby i polzovanīę preprostēshym i ne knizhnym i︠a︡zykōm Bolgarskim dolnīę Mv̇ssīi</subfield>
  </datafield>
  <datafield tag="264" ind1=" " ind2="1">
    <subfield code="6">880-04</subfield>
    <subfield code="a">Vʺ Būdinʺ gradʺ :</subfield>
    <subfield code="b">Pismeny Kralevsk. Unīversīteta Peshtanskagō,</subfield>
    <subfield code="c">1816.</subfield>
  </datafield>
  <datafield tag="880" ind1=" " ind2="1">
    <subfield code="6">264-04/(N</subfield>
    <subfield code="a">Въ Будинъ градъ :</subfield>
    <subfield code="b">Писмены Кралевск. Оунīверсīтета Пещанскагω,</subfield>
    <subfield code="c">1816.</subfield>
  </datafield>
  <datafield tag="300" ind1=" " ind2=" ">
    <subfield code="a">4 unnumbered pages, 158 [i.e., 148] pages,</subfield>
    <subfield code="c">19 cm.</subfield>
  </datafield>
  <datafield tag="336" ind1=" " ind2=" ">
    <subfield code="a">text</subfield>
    <subfield code="b">txt</subfield>
    <subfield code="2">rdacontent</subfield>
  </datafield>
  <datafield tag="337" ind1=" " ind2=" ">
    <subfield code="a">unmediated</subfield>
    <subfield code="b">n</subfield>
    <subfield code="2">rdamedia</subfield>
  </datafield>
  <datafield tag="338" ind1=" " ind2=" ">
    <subfield code="a">volume</subfield>
    <subfield code="b">nc</subfield>
    <subfield code="2">rdacarrier</subfield>
  </datafield>
  <datafield tag="500" ind1=" " ind2=" ">
    <subfield code="a">Pagination with Cyrillic numerals. Page numbering skips numbers 77 through 86.</subfield>
  </datafield>
  <datafield tag="500" ind1=" " ind2=" ">
    <subfield code="a">Signatures: pi² A-I⁸ K⁶</subfield>
  </datafield>
  <datafield tag="500" ind1=" " ind2=" ">
    <subfield code="a">Title page and text printed in red and black.</subfield>
  </datafield>
  <datafield tag="510" ind1="4" ind2=" ">
    <subfield code="6">880-05</subfield>
    <subfield code="a">Pogorelov, V.A. Opis na starite pechatani bŭlgarski knigi,</subfield>
    <subfield code="c">6</subfield>
  </datafield>
  <datafield tag="880" ind1="4" ind2=" ">
    <subfield code="6">510-05/(N</subfield>
    <subfield code="a">Погорелов, В.А. Опис на старите печатани български книги,</subfield>
    <subfield code="c">6</subfield>
  </datafield>
  <datafield tag="510" ind1="4" ind2=" ">
    <subfield code="6">880-06</subfield>
    <subfield code="a">Narodna biblioteka &quot;Kiril i Metodiĭ&quot;. Bŭlgarska vŭzrozhdenska knizhnina (&quot;Stoi︠a︡nov&quot;),</subfield>
    <subfield code="c">5988</subfield>
  </datafield>
  <datafield tag="880" ind1="4" ind2=" ">
    <subfield code="6">510-06/(N</subfield>
    <subfield code="a">Народна библиотека &quot;Кирил и Методий&quot;. Българска възрожденска книжнина (&quot;Стоянов&quot;),</subfield>
    <subfield code="c">5988</subfield>
  </datafield>
  <datafield tag="510" ind1="4" ind2=" ">
    <subfield code="6">880-07</subfield>
    <subfield code="a">Teodorov-Balan, Aleksandŭr. Bŭlgarski knigopis za sto godini, 1806-1905,</subfield>
    <subfield code="c">8958</subfield>
  </datafield>
  <datafield tag="880" ind1="4" ind2=" ">
    <subfield code="6">510-07/(N</subfield>
    <subfield code="a">Теодоров-Балан, Александър. Български книгопис за сто години, 1806-1905,</subfield>
    <subfield code="c">8958</subfield>
  </datafield>
  <datafield tag="500" ind1=" " ind2=" ">
    <subfield code="a">LC copy in sprinkled leather with embossed floral vignette and borders. Has blue and yellow paste-paper endpapers.</subfield>
    <subfield code="5">DLC</subfield>
  </datafield>
  <datafield tag="561" ind1=" " ind2=" ">
    <subfield code="a">LC copy bears inscriptions from three previous owners. Pages preceding title page bear inscriptions of Orthodox chants beginning with antiphon a: &quot;Отъ юности моея мнози борютъ мя страсти: но самъ я застуши и спаси, Спасе мой.&quot; From the library of Todor D. Plochev, purchased in 1949.</subfield>
    <subfield code="5">DLC</subfield>
  </datafield>
  <datafield tag="650" ind1=" " ind2="0">
    <subfield code="a">Christian life</subfield>
    <subfield code="x">Orthodox Eastern authors.</subfield>
  </datafield>
  <datafield tag="650" ind1=" " ind2="0">
    <subfield code="a">Prayer.</subfield>
  </datafield>
  <datafield tag="700" ind1="1" ind2=" ">
    <subfield code="6">880-08</subfield>
    <subfield code="a">Plochev, Todor D.,</subfield>
    <subfield code="e">former owner.</subfield>
    <subfield code="5">DLC</subfield>
  </datafield>
  <datafield tag="880" ind1="1" ind2=" ">
    <subfield code="6">700-08/(N</subfield>
    <subfield code="a">Плочев, Тодор Д.,</subfield>
    <subfield code="e">former owner.</subfield>
    <subfield code="5">DLC</subfield>
  </datafield>
  <datafield tag="710" ind1="2" ind2=" ">
    <subfield code="a">Early Bulgarian Imprint Collection (Library of Congress)</subfield>
    <subfield code="5">DLC</subfield>
  </datafield>
  <datafield tag="856" ind1="4" ind2="8">
    <subfield code="u">http://www.strumski.com/books/Kiril_Pejchinovich_Ogledalo.pdf</subfield>
  </datafield>
  <datafield tag="984" ind1=" " ind2=" ">
    <subfield code="a">rsl</subfield>
    <subfield code="d">2019-02-08</subfield>
  </datafield>
  <datafield tag="991" ind1=" " ind2=" ">
    <subfield code="b">c-RareBook</subfield>
    <subfield code="h">BV4509.B8</subfield>
    <subfield code="i">P43</subfield>
    <subfield code="t">Copy 1</subfield>
    <subfield code="w">PREM</subfield>
  </datafield>
</record>