
<record>
  <leader>03375cam a2200373 i 4500</leader>
  <controlfield tag="001">20556627</controlfield>
  <controlfield tag="005">20200103094428.0</controlfield>
  <controlfield tag="008">180618s2019    flua     b    001 0 eng c</controlfield>
  <datafield tag="906" ind1=" " ind2=" ">
    <subfield code="a">7</subfield>
    <subfield code="b">cbc</subfield>
    <subfield code="c">orignew</subfield>
    <subfield code="d">1</subfield>
    <subfield code="e">ecip</subfield>
    <subfield code="f">20</subfield>
    <subfield code="g">y-gencatlg</subfield>
  </datafield>
  <datafield tag="925" ind1="0" ind2=" ">
    <subfield code="a">acquire</subfield>
    <subfield code="b">2 shelf copies</subfield>
    <subfield code="x">policy default (ex.)</subfield>
  </datafield>
  <datafield tag="955" ind1=" " ind2=" ">
    <subfield code="a">FUG</subfield>
    <subfield code="e">rf07 2018-07-03 (telework) to Dewey</subfield>
    <subfield code="w">xm09 2018-07-03</subfield>
    <subfield code="a">xn16 2019-05-31 1 copy rec&apos;d., to CIP ver.</subfield>
    <subfield code="f">rf06 2019-06-20 (episodic telework) to CALM</subfield>
  </datafield>
  <datafield tag="010" ind1=" " ind2=" ">
    <subfield code="a">  2018027407</subfield>
  </datafield>
  <datafield tag="020" ind1=" " ind2=" ">
    <subfield code="a">9780813056210 (cloth : alk. paper)</subfield>
  </datafield>
  <datafield tag="040" ind1=" " ind2=" ">
    <subfield code="a">FUG/DLC</subfield>
    <subfield code="b">eng</subfield>
    <subfield code="c">FUG</subfield>
    <subfield code="e">rda</subfield>
    <subfield code="d">DLC</subfield>
  </datafield>
  <datafield tag="042" ind1=" " ind2=" ">
    <subfield code="a">pcc</subfield>
  </datafield>
  <datafield tag="043" ind1=" " ind2=" ">
    <subfield code="a">n-usu--</subfield>
  </datafield>
  <datafield tag="050" ind1="0" ind2="0">
    <subfield code="a">E185.97.G3</subfield>
    <subfield code="b">G56 2019</subfield>
  </datafield>
  <datafield tag="082" ind1="0" ind2="0">
    <subfield code="a">320.54/60975</subfield>
    <subfield code="2">23</subfield>
  </datafield>
  <datafield tag="245" ind1="0" ind2="0">
    <subfield code="a">Global Garveyism /</subfield>
    <subfield code="c">edited by Ronald J. Stephens and Adam Ewing.</subfield>
  </datafield>
  <datafield tag="264" ind1=" " ind2="1">
    <subfield code="a">Gainesville :</subfield>
    <subfield code="b">University Press of Florida,</subfield>
    <subfield code="c">[2019]</subfield>
  </datafield>
  <datafield tag="300" ind1=" " ind2=" ">
    <subfield code="a">330 pages :</subfield>
    <subfield code="b">illustrations ;</subfield>
    <subfield code="c">25 cm</subfield>
  </datafield>
  <datafield tag="336" ind1=" " ind2=" ">
    <subfield code="a">text</subfield>
    <subfield code="2">rdacontent</subfield>
  </datafield>
  <datafield tag="337" ind1=" " ind2=" ">
    <subfield code="a">unmediated</subfield>
    <subfield code="2">rdamedia</subfield>
  </datafield>
  <datafield tag="338" ind1=" " ind2=" ">
    <subfield code="a">volume</subfield>
    <subfield code="2">rdacarrier</subfield>
  </datafield>
  <datafield tag="504" ind1=" " ind2=" ">
    <subfield code="a">Includes bibliographical references (pages 287-318) and index.</subfield>
  </datafield>
  <datafield tag="505" ind1="0" ind2=" ">
    <subfield code="a">Introduction: Global Garveyism / Adam Ewing and Ronald J. Stephens -- Garveyism root and branch: from the age of revolution to the onset of black power / Michael O. West -- &quot;No surrender&quot;: migration, the Garvey Movement, and community building in Cuba / Frances Peace Sullivan -- &quot;The second battle for Africa has begun&quot;: Rev. Clarence W. Harding Jr., Garveyism, Liberia, and the diasporic midwest, 1966-1978 / Erik S. McDuffie -- Garvey and Craigen: collaborations and conflicts / Ronald J. Stephens -- Our Joan of Arc: women, gender, and authority in the harmony division of the UNIA / Nicole Bourbonnais -- &quot;The language of freedom&quot;: Garveyite women, diasporic politics, and Pan-African discourses of the 1940s / Keisha N. Blain -- &quot;Hidden&quot; in plain sight: towards a history of Garveyite women in South Africa and the increased visibility of Africa in global Garveyism / Robert Trent Vinson -- Popular Pan-Africanism: rumor, identity, and intellectual production in the age of Garvey / Adam Ewing -- The age of unrest, the age of dissatisfaction 1920-1929: Marcus Garvey and the rise of Australian Aboriginal political protest / John Maynard -- &quot;No race question&quot;: Garveyism and Trinidad&apos;s labor movement in the age of black internationalism, 1919-1925 / Jos¿ Andr¿s Fernández Montes de Oca -- Rethinking Garveyism as religion: the UNIA Universal Negro Ritual and UNIA Universal Catechism / W. Gabriel Selassie I -- Decolonization, desegregation, and black power: Garveyism in another era / Michael O. West.</subfield>
  </datafield>
  <datafield tag="520" ind1=" " ind2=" ">
    <subfield code="a">This volume--the first edited collection devoted to Garveyism studies in three decades--showcases original essays by scholars working in Africa, the West Indies, the Hispanic Caribbean, North America, and Australia. Garveyism was carried across the globe following the First World War, generating the largest mass movement in the history of the African diaspora.</subfield>
  </datafield>
  <datafield tag="650" ind1=" " ind2="0">
    <subfield code="a">Black nationalism</subfield>
    <subfield code="z">Southern States</subfield>
    <subfield code="x">History</subfield>
    <subfield code="y">20th century.</subfield>
  </datafield>
  <datafield tag="600" ind1="1" ind2="0">
    <subfield code="a">Garvey, Marcus,</subfield>
    <subfield code="d">1887-1940</subfield>
    <subfield code="x">Influence.</subfield>
  </datafield>
  <datafield tag="651" ind1=" " ind2="0">
    <subfield code="a">Southern States</subfield>
    <subfield code="x">Race relations</subfield>
    <subfield code="x">History</subfield>
    <subfield code="y">20th century.</subfield>
  </datafield>
  <datafield tag="650" ind1=" " ind2="0">
    <subfield code="a">African American political activists</subfield>
    <subfield code="z">Southern States</subfield>
    <subfield code="x">History</subfield>
    <subfield code="y">20th century.</subfield>
  </datafield>
  <datafield tag="700" ind1="1" ind2=" ">
    <subfield code="a">Stephens, Ronald Jemal,</subfield>
    <subfield code="e">editor.</subfield>
  </datafield>
  <datafield tag="700" ind1="1" ind2=" ">
    <subfield code="a">Ewing, Adam</subfield>
    <subfield code="c">(Historian),</subfield>
    <subfield code="e">editor.</subfield>
  </datafield>
  <datafield tag="985" ind1=" " ind2=" ">
    <subfield code="a">FUGCIP</subfield>
    <subfield code="d">2018-06-26</subfield>
  </datafield>
</record>