
<record>
  <leader>05908cam a2200505 i 4500</leader>
  <controlfield tag="001">20561458</controlfield>
  <controlfield tag="005">20200103174837.0</controlfield>
  <controlfield tag="008">180628s2016    bl a     b    100 0 por c</controlfield>
  <datafield tag="906" ind1=" " ind2=" ">
    <subfield code="a">7</subfield>
    <subfield code="b">cbc</subfield>
    <subfield code="c">pccadap</subfield>
    <subfield code="d">2</subfield>
    <subfield code="e">ncip</subfield>
    <subfield code="f">20</subfield>
    <subfield code="g">y-gencatlg</subfield>
  </datafield>
  <datafield tag="925" ind1="0" ind2=" ">
    <subfield code="a">acquire</subfield>
    <subfield code="b">1 shelf copy</subfield>
    <subfield code="x">policy default</subfield>
  </datafield>
  <datafield tag="955" ind1=" " ind2=" ">
    <subfield code="b">wr11 2019-05-10 z-processor</subfield>
    <subfield code="c">wr11 2019-05-10</subfield>
    <subfield code="d">wr11 2019-05-10</subfield>
    <subfield code="e">wr11 2019-05-10 to Dewey</subfield>
    <subfield code="a">be22 2019-11-29 Box 14 of 33 SRM received; sent to Dewey</subfield>
    <subfield code="w">xm09 2020-01-03</subfield>
  </datafield>
  <datafield tag="955" ind1=" " ind2=" ">
    <subfield code="b">wr15 2015-08-08</subfield>
    <subfield code="c">wr14 2018-06-28</subfield>
  </datafield>
  <datafield tag="010" ind1=" " ind2=" ">
    <subfield code="a">  2018343308</subfield>
  </datafield>
  <datafield tag="020" ind1=" " ind2=" ">
    <subfield code="a">9788594970084</subfield>
  </datafield>
  <datafield tag="020" ind1=" " ind2=" ">
    <subfield code="a">8594970080</subfield>
  </datafield>
  <datafield tag="035" ind1=" " ind2=" ">
    <subfield code="a">(OCoLC)on1078535884</subfield>
  </datafield>
  <datafield tag="040" ind1=" " ind2=" ">
    <subfield code="a">H7K</subfield>
    <subfield code="b">eng</subfield>
    <subfield code="c">H7K</subfield>
    <subfield code="e">rda</subfield>
    <subfield code="d">OCLCO</subfield>
    <subfield code="d">JPG</subfield>
    <subfield code="d">IQU</subfield>
    <subfield code="d">OCLCF</subfield>
    <subfield code="d">DLC</subfield>
  </datafield>
  <datafield tag="042" ind1=" " ind2=" ">
    <subfield code="a">lcode</subfield>
    <subfield code="a">pcc</subfield>
  </datafield>
  <datafield tag="043" ind1=" " ind2=" ">
    <subfield code="a">s-bl---</subfield>
  </datafield>
  <datafield tag="050" ind1="0" ind2="0">
    <subfield code="a">N6655</subfield>
    <subfield code="b">.C657 2014</subfield>
  </datafield>
  <datafield tag="082" ind1="0" ind2="0">
    <subfield code="a">700.981/0904</subfield>
    <subfield code="2">23</subfield>
  </datafield>
  <datafield tag="111" ind1="2" ind2=" ">
    <subfield code="a">Colóquio &quot;Histórias da Arte em Exposições : modos de ver e exibir no Brasil&quot;</subfield>
    <subfield code="d">(2014 :</subfield>
    <subfield code="c">Campinas, São Paulo, Brazil),</subfield>
    <subfield code="j">author.</subfield>
  </datafield>
  <datafield tag="245" ind1="1" ind2="0">
    <subfield code="a">Histórias da arte em exposições :</subfield>
    <subfield code="b">modos de ver e exibir no Brasil /</subfield>
    <subfield code="c">organizadores, Ana Cavalcanti, Emerson Dionisio de Oliveira, Maria de Fátima Morethy Couto, Marize Malta.</subfield>
  </datafield>
  <datafield tag="250" ind1=" " ind2=" ">
    <subfield code="a">1a edição.</subfield>
  </datafield>
  <datafield tag="264" ind1=" " ind2="1">
    <subfield code="a">Rio de Janeiro, RJ :</subfield>
    <subfield code="b">Rio Books,</subfield>
    <subfield code="c">2016.</subfield>
  </datafield>
  <datafield tag="300" ind1=" " ind2=" ">
    <subfield code="a">274 pages :</subfield>
    <subfield code="b">illustrations (chiefly color) ;</subfield>
    <subfield code="c">23 cm</subfield>
  </datafield>
  <datafield tag="336" ind1=" " ind2=" ">
    <subfield code="a">text</subfield>
    <subfield code="b">txt</subfield>
    <subfield code="2">rdacontent</subfield>
  </datafield>
  <datafield tag="337" ind1=" " ind2=" ">
    <subfield code="a">unmediated</subfield>
    <subfield code="b">n</subfield>
    <subfield code="2">rdamedia</subfield>
  </datafield>
  <datafield tag="338" ind1=" " ind2=" ">
    <subfield code="a">volume</subfield>
    <subfield code="b">nc</subfield>
    <subfield code="2">rdacarrier</subfield>
  </datafield>
  <datafield tag="500" ind1=" " ind2=" ">
    <subfield code="a">Works presented at the Colóquio Histórias da Arte em Exposições : modos de ver e exibir no Brasil, held May 23-25, 2014 at auditório do Instituto de Artes da Unicamp, in Campinas, São Paulo.</subfield>
  </datafield>
  <datafield tag="504" ind1=" " ind2=" ">
    <subfield code="a">Includes bibliographical references (pages 257-274).</subfield>
  </datafield>
  <datafield tag="505" ind1="8" ind2=" ">
    <subfield code="a">Exposições de arte e suas histórias / Ana Cavalcanti, Emerson Dionísio de Oliveira, Maria de Fatima Morethy Coto e Marize Malta -- A exposição como máquina interpretativa / Jean-Marc Poinsot -- 1829-1830 : Jean Baptiste Debret e os conflitos das primeiras exposições do Brasil / Elaine Dias -- 1879 - Realizações e dilemas de arte brasileira do século XIX / Sonia Gomes Pereira -- 1884 - Dos velhos mestres a nova geração / Ana Cavalcanti -- 1901 - Exposição (de Visconti) na ENBA : Artes e decorativas / Marize Malta -- 1922 - Semana de arte moderna : uma revisão crítica / Annateresa Fabris -- 1944 - Do pincel  à gilete : a arte moderna em Belo Horizonte / Rodrigo Vivas -- 1949 - A fotografia moderna chega ao museu : Os estudos fotográficos de Thomas Farkas / Helouise Costa -- 1951 - Arte e internacionalização : a I Bienal Internacional de São Paulo / Maria de Fatima Morethy Coto -- 1965 - Propostas para uma crise / Paulo Reis -- 1967 - IV Salão de Arte Moderna de Brasília : os últimos modernos / Emerson Dionísio de Oliveira -- 1970 - Do corpo à terra : exposição-limite / Artur Freitas -- 1974 - A rede em exibição Walter Zanini e o MAC USP / Cristina Freire -- 1978 - A Bienal de São Paulo torna-se latino-americana / Isobel Whitelleg -- 1984 - Como Vai Você, Geração 80? : de Orwell ao Parque Lage / Ivair Reinaldim -- 1997 - Bienal do Mercosul : reescrever e história da Arte na América Latina / Bianca Knaak -- 2009 - Sobre a mostra Olhar e Fingir : transtemporalidades na trilha da ficção fotográfica / Fernando de Tacca.</subfield>
  </datafield>
  <datafield tag="520" ind1=" " ind2=" ">
    <subfield code="a">The research group Grupo de Pesquisa História da Arte: modos de ver, exibir e compreender, with the support of the Museu de Artes Visuais of Unicamp aims to relect on art, history of art and the artistic object in its various dimensions and materialization, from a multidisciplinary approaches. Accepting different points of view, it is of interest to the MODOS group to discuss the artistic object inserted in the practices of the lived, in the actions and reactions of its production, circulation, reception and disappearance. Due to research and scientific meetings, the group launches the series&quot;História da Arte em...&quot;. Each publication, in the form of a collection, proposes a thematic appeal to reflect on the conditions and transformations of aesthetic perception about the object, about its significations and on the rewrites of his stories. The group is also responsible for the electronic magazine MODOS, back to the discussion of places of exhibition, circulation, collections and narratives that institute how we perceive, interpret and disseminate artistic production and the object of art. The book in question is the result of a series of researches conducted by professors from Brazilian and international universities. Its purpose is to discuss the role of art exhibitions for the constitution of a history of Brazilian art. The varied approaches seek to broaden the methodological possibilities of researching the exhibition of the work of art in front of the traditions of staging and authorized historiographies. Each author analyzed a canonical exhibition in the history of Brazilian art, from a critical perspective. Due to its expanded scope, the book can become a reference for studies in art history, visual culture, museology.</subfield>
  </datafield>
  <datafield tag="650" ind1=" " ind2="0">
    <subfield code="a">Art, Brazilian</subfield>
    <subfield code="y">20th century</subfield>
    <subfield code="x">Exhibitions</subfield>
    <subfield code="v">Congresses.</subfield>
  </datafield>
  <datafield tag="650" ind1=" " ind2="0">
    <subfield code="a">Art, Brazilian</subfield>
    <subfield code="y">19th century</subfield>
    <subfield code="x">Exhibitions</subfield>
    <subfield code="v">Congresses.</subfield>
  </datafield>
  <datafield tag="650" ind1=" " ind2="0">
    <subfield code="a">Museum exhibits</subfield>
    <subfield code="z">Brazil</subfield>
    <subfield code="x">History</subfield>
    <subfield code="y">20th century</subfield>
    <subfield code="v">Congresses.</subfield>
  </datafield>
  <datafield tag="650" ind1=" " ind2="0">
    <subfield code="a">Museum exhibits</subfield>
    <subfield code="z">Brazil</subfield>
    <subfield code="x">History</subfield>
    <subfield code="y">19th century</subfield>
    <subfield code="v">Congresses.</subfield>
  </datafield>
  <datafield tag="650" ind1=" " ind2="0">
    <subfield code="a">Museums</subfield>
    <subfield code="x">Curatorship</subfield>
    <subfield code="z">Brazil</subfield>
    <subfield code="x">History</subfield>
    <subfield code="y">20th century</subfield>
    <subfield code="v">Congresses.</subfield>
  </datafield>
  <datafield tag="650" ind1=" " ind2="0">
    <subfield code="a">Museums</subfield>
    <subfield code="x">Curatorship</subfield>
    <subfield code="z">Brazil</subfield>
    <subfield code="x">History</subfield>
    <subfield code="y">19th century</subfield>
    <subfield code="v">Congresses.</subfield>
  </datafield>
  <datafield tag="700" ind1="1" ind2=" ">
    <subfield code="a">Cavalcanti, Ana Maria Tavares,</subfield>
    <subfield code="e">editor.</subfield>
  </datafield>
  <datafield tag="700" ind1="1" ind2=" ">
    <subfield code="a">Oliveira, Emerson Dionisio G. de</subfield>
    <subfield code="q">(Emerson Dionisio Gomes de),</subfield>
    <subfield code="e">editor.</subfield>
  </datafield>
  <datafield tag="700" ind1="1" ind2=" ">
    <subfield code="a">Couto, Maria de Fátima Morethy,</subfield>
    <subfield code="e">editor.</subfield>
  </datafield>
  <datafield tag="700" ind1="1" ind2=" ">
    <subfield code="a">Malta, Marize,</subfield>
    <subfield code="e">editor.</subfield>
  </datafield>
  <datafield tag="710" ind1="2" ind2=" ">
    <subfield code="a">Universidade Estadual de Campinas.</subfield>
    <subfield code="b">Instituto de Artes,</subfield>
    <subfield code="e">host institution.</subfield>
  </datafield>
  <datafield tag="985" ind1=" " ind2=" ">
    <subfield code="e">ODE-rj</subfield>
  </datafield>
</record>