
<record>
  <leader>01557cam a2200349 i 4500</leader>
  <controlfield tag="001">20561562</controlfield>
  <controlfield tag="005">20200103144037.0</controlfield>
  <controlfield tag="008">180628s2007    gw a     b    000 0 ger  </controlfield>
  <datafield tag="906" ind1=" " ind2=" ">
    <subfield code="a">7</subfield>
    <subfield code="b">cbc</subfield>
    <subfield code="c">origres</subfield>
    <subfield code="d">3</subfield>
    <subfield code="e">ncip</subfield>
    <subfield code="f">20</subfield>
    <subfield code="g">y-gencatlg</subfield>
  </datafield>
  <datafield tag="925" ind1="0" ind2=" ">
    <subfield code="a">acquire</subfield>
    <subfield code="b">1 shelf copies</subfield>
    <subfield code="x">policy default</subfield>
  </datafield>
  <datafield tag="955" ind1=" " ind2=" ">
    <subfield code="b">fd05 2018-06-28 z-processor</subfield>
    <subfield code="a">fd00 2018-07-06 to GS/GER</subfield>
    <subfield code="i">fd12 2019-05-21 to MBAS for disposition of accompanying CD, then to CALM</subfield>
    <subfield code="a">fd33 201 9-12-13 NAP Project update (040a; 264; 336, 337,338; returned to MBAS to deal with accompanying audio CD), then to binding to tip in loose postage stamp)</subfield>
  </datafield>
  <datafield tag="010" ind1=" " ind2=" ">
    <subfield code="a">  2018373153</subfield>
  </datafield>
  <datafield tag="040" ind1=" " ind2=" ">
    <subfield code="a">DLC</subfield>
    <subfield code="b">eng</subfield>
    <subfield code="c">DLC</subfield>
    <subfield code="e">rda</subfield>
  </datafield>
  <datafield tag="042" ind1=" " ind2=" ">
    <subfield code="a">pcc</subfield>
  </datafield>
  <datafield tag="043" ind1=" " ind2=" ">
    <subfield code="a">e-gx---</subfield>
  </datafield>
  <datafield tag="100" ind1="1" ind2=" ">
    <subfield code="a">Provan, John,</subfield>
    <subfield code="e">author.</subfield>
  </datafield>
  <datafield tag="050" ind1="0" ind2="0">
    <subfield code="a">TL659.G7</subfield>
    <subfield code="b">P76 2007</subfield>
  </datafield>
  <datafield tag="245" ind1="1" ind2="0">
    <subfield code="a">LZ 127 :</subfield>
    <subfield code="b">Graf Zeppelin kehrt zurück /</subfield>
    <subfield code="c">Dr. John Provan.</subfield>
  </datafield>
  <datafield tag="246" ind1="3" ind2="0">
    <subfield code="a">Graf Zeppelin kehrt zurück</subfield>
  </datafield>
  <datafield tag="264" ind1=" " ind2="1">
    <subfield code="a">Bonn :</subfield>
    <subfield code="b">Deutsche Post AG,</subfield>
    <subfield code="c">[2007]</subfield>
  </datafield>
  <datafield tag="300" ind1=" " ind2=" ">
    <subfield code="a">194 pages :</subfield>
    <subfield code="b">chiefly illustrations (many color) ;</subfield>
    <subfield code="c">29 cm +</subfield>
    <subfield code="e">1 CD (4 3/4 in)</subfield>
  </datafield>
  <datafield tag="336" ind1=" " ind2=" ">
    <subfield code="a">text</subfield>
    <subfield code="b">txt</subfield>
    <subfield code="2">rdacontent</subfield>
  </datafield>
  <datafield tag="337" ind1=" " ind2=" ">
    <subfield code="a">unmediated</subfield>
    <subfield code="b">n</subfield>
    <subfield code="2">rdamedia</subfield>
  </datafield>
  <datafield tag="338" ind1=" " ind2=" ">
    <subfield code="a">volume</subfield>
    <subfield code="b">nc</subfield>
    <subfield code="2">rdacarrier</subfield>
  </datafield>
  <datafield tag="500" ind1=" " ind2=" ">
    <subfield code="a">CD contains 12 recorded interviews and reports on the history of Graf Zeppelin (Airship).</subfield>
  </datafield>
  <datafield tag="500" ind1=" " ind2=" ">
    <subfield code="a">Includes one postage stamp tipped in.</subfield>
  </datafield>
  <datafield tag="504" ind1=" " ind2=" ">
    <subfield code="a">Includes bibliographical references (page 192).</subfield>
  </datafield>
  <datafield tag="610" ind1="2" ind2="0">
    <subfield code="a">Graf Zeppelin (Airship)</subfield>
  </datafield>
  <datafield tag="650" ind1=" " ind2="0">
    <subfield code="a">Airships</subfield>
    <subfield code="z">Germany</subfield>
    <subfield code="x">History.</subfield>
  </datafield>
  <datafield tag="650" ind1=" " ind2="0">
    <subfield code="a">Airships</subfield>
    <subfield code="v">Aerial photographs.</subfield>
  </datafield>
  <datafield tag="650" ind1=" " ind2="0">
    <subfield code="a">Aeronautics</subfield>
    <subfield code="x">Flights</subfield>
    <subfield code="v">Pictorial works.</subfield>
  </datafield>
  <datafield tag="923" ind1=" " ind2=" ">
    <subfield code="d">20180522</subfield>
    <subfield code="s">V00000114</subfield>
  </datafield>
</record>