
<record>
  <leader>04134cam a2200517 i 4500</leader>
  <controlfield tag="001">20574433</controlfield>
  <controlfield tag="005">20200103161812.0</controlfield>
  <controlfield tag="008">180706t20192019gw ad    b    001 0 eng d</controlfield>
  <datafield tag="906" ind1=" " ind2=" ">
    <subfield code="a">7</subfield>
    <subfield code="b">cbc</subfield>
    <subfield code="c">copycat</subfield>
    <subfield code="d">2</subfield>
    <subfield code="e">epcn</subfield>
    <subfield code="f">20</subfield>
    <subfield code="g">y-gencatlg</subfield>
  </datafield>
  <datafield tag="925" ind1="0" ind2=" ">
    <subfield code="a">acquire</subfield>
    <subfield code="b">1 shelf copy</subfield>
    <subfield code="x">policy default</subfield>
  </datafield>
  <datafield tag="955" ind1=" " ind2=" ">
    <subfield code="a">pc28 2018-07-06</subfield>
    <subfield code="a">xn16 2019-02-01 1 copy rec&apos;d., to USPRLL</subfield>
    <subfield code="b">xk01 2019-04-15 z-processor</subfield>
    <subfield code="i">xk06 2020-01-03 to CALM</subfield>
  </datafield>
  <datafield tag="010" ind1=" " ind2=" ">
    <subfield code="a">  2018950671</subfield>
  </datafield>
  <datafield tag="016" ind1="7" ind2=" ">
    <subfield code="a">019165363</subfield>
    <subfield code="2">Uk</subfield>
  </datafield>
  <datafield tag="020" ind1=" " ind2=" ">
    <subfield code="a">9783110616781</subfield>
    <subfield code="q">hardback</subfield>
  </datafield>
  <datafield tag="020" ind1=" " ind2=" ">
    <subfield code="a">3110616785</subfield>
    <subfield code="q">hardback</subfield>
  </datafield>
  <datafield tag="020" ind1=" " ind2=" ">
    <subfield code="z">9783110619430</subfield>
    <subfield code="q">PDF</subfield>
  </datafield>
  <datafield tag="020" ind1=" " ind2=" ">
    <subfield code="z">9783110616842</subfield>
    <subfield code="q">EPUB</subfield>
  </datafield>
  <datafield tag="035" ind1=" " ind2=" ">
    <subfield code="a">(OCoLC)on1079203262</subfield>
  </datafield>
  <datafield tag="040" ind1=" " ind2=" ">
    <subfield code="a">UKMGB</subfield>
    <subfield code="b">eng</subfield>
    <subfield code="c">UKMGB</subfield>
    <subfield code="e">rda</subfield>
    <subfield code="d">OHX</subfield>
    <subfield code="d">YDX</subfield>
    <subfield code="d">OCLCO</subfield>
    <subfield code="d">L2U</subfield>
    <subfield code="d">OCLCF</subfield>
    <subfield code="d">IUL</subfield>
    <subfield code="d">VT2</subfield>
    <subfield code="d">DLC</subfield>
  </datafield>
  <datafield tag="042" ind1=" " ind2=" ">
    <subfield code="a">lccopycat</subfield>
  </datafield>
  <datafield tag="050" ind1="0" ind2="0">
    <subfield code="a">P165</subfield>
    <subfield code="b">.C6366 2019</subfield>
  </datafield>
  <datafield tag="082" ind1="0" ind2="4">
    <subfield code="a">415</subfield>
    <subfield code="2">23</subfield>
  </datafield>
  <datafield tag="245" ind1="0" ind2="0">
    <subfield code="a">Cognitive contact linguistics :</subfield>
    <subfield code="b">placing usage, meaning and mind at the core of contact-induced variation and change /</subfield>
    <subfield code="c">edited by Eline Zenner, Ad Backus, Esme Winter-Froemel.</subfield>
  </datafield>
  <datafield tag="264" ind1=" " ind2="1">
    <subfield code="a">Berlin :</subfield>
    <subfield code="b">De Gruyter Mouton,</subfield>
    <subfield code="c">[2019]</subfield>
  </datafield>
  <datafield tag="264" ind1=" " ind2="4">
    <subfield code="c">©2019</subfield>
  </datafield>
  <datafield tag="300" ind1=" " ind2=" ">
    <subfield code="a">vi, 342 pages :</subfield>
    <subfield code="b">illustrations (black and white), charts ;</subfield>
    <subfield code="c">24 cm.</subfield>
  </datafield>
  <datafield tag="336" ind1=" " ind2=" ">
    <subfield code="a">text</subfield>
    <subfield code="b">txt</subfield>
    <subfield code="2">rdacontent</subfield>
  </datafield>
  <datafield tag="337" ind1=" " ind2=" ">
    <subfield code="a">unmediated</subfield>
    <subfield code="b">n</subfield>
    <subfield code="2">rdamedia</subfield>
  </datafield>
  <datafield tag="338" ind1=" " ind2=" ">
    <subfield code="a">volume</subfield>
    <subfield code="b">nc</subfield>
    <subfield code="2">rdacarrier</subfield>
  </datafield>
  <datafield tag="490" ind1="1" ind2=" ">
    <subfield code="a">Cognitive linguistics research,</subfield>
    <subfield code="x">1861-4132 ;</subfield>
    <subfield code="v">Volume 62</subfield>
  </datafield>
  <datafield tag="500" ind1=" " ind2=" ">
    <subfield code="a">Collection of papers which grew out of a theme session organized at the 13th International Cognitive Linguistics Conference (Northumbria, UK, July 2015).</subfield>
  </datafield>
  <datafield tag="504" ind1=" " ind2=" ">
    <subfield code="a">Includes bibliographical references and index.</subfield>
  </datafield>
  <datafield tag="505" ind1="0" ind2="0">
    <subfield code="t">Reconceptualizing language contact phenomena as cognitive processes /</subfield>
    <subfield code="r">Alexander Onysko --</subfield>
    <subfield code="t">English-Estonian code-copying in blogs: combining a contact linguistic and cognitive approach /</subfield>
    <subfield code="r">Anna Verschik --</subfield>
    <subfield code="t">Reanalysis in language contact: perceptive ambiguity, salience, and catachrestic reinterpretation /</subfield>
    <subfield code="r">Esme Winter-Froemel --</subfield>
    <subfield code="t">When sociolinguistics and prototype analysis meet: the social meaning of sibilant palatalization in a Flemish Urban Vernacular /</subfield>
    <subfield code="r">Stefania Marzo, Eline Zenner and Dorien Van de Mieroop --</subfield>
    <subfield code="t">Notions of Containment and Support in Irish English: implications of language contact on the cognition of space /</subfield>
    <subfield code="r">Stephen Lucek --</subfield>
    <subfield code="t">Conceptual metaphors as contact phenomena? The influence of local concepts on source and target domain /</subfield>
    <subfield code="r">Anna Finzel and Hans-George Wolf --</subfield>
    <subfield code="t">Cultural models in contact: revealing attitudes toward regional varieties of Italian with Vector Space Models /</subfield>
    <subfield code="r">Stefano De Pascale, Stefania Marzo and Dirk Speelman --</subfield>
    <subfield code="t">Language alternation and the state-event contrast: a case-study of Dutch-Turkish and Dutch-Moroccan heritage speakers /</subfield>
    <subfield code="r">Bram Vertommen --</subfield>
    <subfield code="t">Partially schematic constructions as engines of development: evidence from German-English bilingual acquisition /</subfield>
    <subfield code="r">Antje Endesfelder Quick, Ad Backus and Elena Lieven --</subfield>
    <subfield code="t">Constructional renovation: the role of French legal language in the survival of the nominative-and-infinitive in Dutch /</subfield>
    <subfield code="r">Dirk Noël and Timothy Colleman.</subfield>
  </datafield>
  <datafield tag="520" ind1=" " ind2=" ">
    <subfield code="a">&quot;This volume makes a case for Cognitive Contact Linguistics as a framework excellently suited to the integration of psycholinguistic and sociolinguistic inquiry of the bi- and multilingual mind. Oriented more towards exploration than towards specialization, the volume presents ten papers that together illustrate the wide range of research that can ensur from the interaction of Contact Linguistics and Cognitive Linguistics&quot;--Back cover.</subfield>
  </datafield>
  <datafield tag="530" ind1=" " ind2=" ">
    <subfield code="a">Also published electronically.</subfield>
  </datafield>
  <datafield tag="540" ind1=" " ind2=" ">
    <subfield code="a">Current Copyright Fee: GBP17.50</subfield>
    <subfield code="c">0.</subfield>
    <subfield code="5">Uk</subfield>
  </datafield>
  <datafield tag="650" ind1=" " ind2="0">
    <subfield code="a">Cognitive grammar.</subfield>
  </datafield>
  <datafield tag="650" ind1=" " ind2="0">
    <subfield code="a">Languages in contact.</subfield>
  </datafield>
  <datafield tag="650" ind1=" " ind2="7">
    <subfield code="a">Cognitive grammar.</subfield>
    <subfield code="2">fast</subfield>
    <subfield code="0">(OCoLC)fst00866531</subfield>
  </datafield>
  <datafield tag="650" ind1=" " ind2="7">
    <subfield code="a">Languages in contact.</subfield>
    <subfield code="2">fast</subfield>
    <subfield code="0">(OCoLC)fst00992434</subfield>
  </datafield>
  <datafield tag="650" ind1=" " ind2="7">
    <subfield code="a">17.61 pragmatics.</subfield>
    <subfield code="2">nbc</subfield>
    <subfield code="0">(NL-LeOCL)077599101</subfield>
  </datafield>
  <datafield tag="700" ind1="1" ind2=" ">
    <subfield code="a">Zenner, Eline,</subfield>
    <subfield code="e">editor.</subfield>
  </datafield>
  <datafield tag="700" ind1="1" ind2=" ">
    <subfield code="a">Backus, Ad,</subfield>
    <subfield code="e">editor.</subfield>
  </datafield>
  <datafield tag="700" ind1="1" ind2=" ">
    <subfield code="a">Winter-Froemel, Esme,</subfield>
    <subfield code="e">editor.</subfield>
  </datafield>
  <datafield tag="776" ind1="0" ind2="8">
    <subfield code="i">Electronic version:</subfield>
    <subfield code="t">Cognitive contact linguistics.</subfield>
    <subfield code="d">Berlin : De Gruyter Mouton, [2019]</subfield>
    <subfield code="z">9783110616842</subfield>
    <subfield code="w">(OCoLC)1077967282</subfield>
  </datafield>
  <datafield tag="830" ind1=" " ind2="0">
    <subfield code="a">Cognitive linguistics research ;</subfield>
    <subfield code="v">62.</subfield>
  </datafield>
</record>