
<record>
  <leader>03283cam a2200385 i 4500</leader>
  <controlfield tag="001">20575591</controlfield>
  <controlfield tag="005">20200103193656.0</controlfield>
  <controlfield tag="008">180709s2018    nyu      b    001 0 eng  </controlfield>
  <datafield tag="906" ind1=" " ind2=" ">
    <subfield code="a">7</subfield>
    <subfield code="b">cbc</subfield>
    <subfield code="c">orignew</subfield>
    <subfield code="d">1</subfield>
    <subfield code="e">ecip</subfield>
    <subfield code="f">20</subfield>
    <subfield code="g">y-gencatlg</subfield>
  </datafield>
  <datafield tag="925" ind1="0" ind2=" ">
    <subfield code="a">acquire</subfield>
    <subfield code="b">1 shelf copy</subfield>
    <subfield code="x">policy default</subfield>
  </datafield>
  <datafield tag="955" ind1=" " ind2=" ">
    <subfield code="b">rm13 2018-07-09</subfield>
    <subfield code="i">rm13 2018-07-09 ONIX (telework)</subfield>
    <subfield code="w">xm06 2018-07-11</subfield>
    <subfield code="a">xn11 2019-11-21 1 copy rec&apos;d., to CIP ver.</subfield>
    <subfield code="f">rm16 2020-01-03 to CALM</subfield>
  </datafield>
  <datafield tag="010" ind1=" " ind2=" ">
    <subfield code="a">  2018031472</subfield>
  </datafield>
  <datafield tag="020" ind1=" " ind2=" ">
    <subfield code="a">9781462536986</subfield>
    <subfield code="q">(hardback)</subfield>
  </datafield>
  <datafield tag="040" ind1=" " ind2=" ">
    <subfield code="a">DLC</subfield>
    <subfield code="b">eng</subfield>
    <subfield code="c">DLC</subfield>
    <subfield code="e">rda</subfield>
    <subfield code="d">DLC</subfield>
  </datafield>
  <datafield tag="042" ind1=" " ind2=" ">
    <subfield code="a">pcc</subfield>
  </datafield>
  <datafield tag="050" ind1="0" ind2="0">
    <subfield code="a">HV6545</subfield>
    <subfield code="b">.M273 2019</subfield>
  </datafield>
  <datafield tag="082" ind1="0" ind2="0">
    <subfield code="a">362.28</subfield>
    <subfield code="2">23</subfield>
  </datafield>
  <datafield tag="084" ind1=" " ind2=" ">
    <subfield code="a">PSY037000</subfield>
    <subfield code="a">MED105000</subfield>
    <subfield code="a">SOC025000</subfield>
    <subfield code="a">MED058180</subfield>
    <subfield code="2">bisacsh</subfield>
  </datafield>
  <datafield tag="100" ind1="1" ind2=" ">
    <subfield code="a">Maris, Ronald W.,</subfield>
    <subfield code="e">author.</subfield>
  </datafield>
  <datafield tag="245" ind1="1" ind2="0">
    <subfield code="a">Suicidology :</subfield>
    <subfield code="b">a comprehensive biopsychosocial perspective /</subfield>
    <subfield code="c">Ronald W. Maris ; foreword by David A. Jobes.</subfield>
  </datafield>
  <datafield tag="250" ind1=" " ind2=" ">
    <subfield code="a">First Edition.</subfield>
  </datafield>
  <datafield tag="264" ind1=" " ind2="1">
    <subfield code="a">New York :</subfield>
    <subfield code="b">The Guilford Press,</subfield>
    <subfield code="c">2019.</subfield>
  </datafield>
  <datafield tag="300" ind1=" " ind2=" ">
    <subfield code="a">xxii, 554  pages ;</subfield>
    <subfield code="c">27 cm</subfield>
  </datafield>
  <datafield tag="336" ind1=" " ind2=" ">
    <subfield code="a">text</subfield>
    <subfield code="b">txt</subfield>
    <subfield code="2">rdacontent</subfield>
  </datafield>
  <datafield tag="337" ind1=" " ind2=" ">
    <subfield code="a">unmediated</subfield>
    <subfield code="b">n</subfield>
    <subfield code="2">rdamedia</subfield>
  </datafield>
  <datafield tag="338" ind1=" " ind2=" ">
    <subfield code="a">volume</subfield>
    <subfield code="b">nc</subfield>
    <subfield code="2">rdacarrier</subfield>
  </datafield>
  <datafield tag="520" ind1=" " ind2=" ">
    <subfield code="a">&quot;Integrating research from multiple disciplines, this text provides a comprehensive perspective on suicide and examines what works in prevention and intervention. The author is a pioneering researcher and clinician who addresses the classification, prevalence, and assessment of suicide and self-destructive behaviors and explores risk factors at multiple levels, from demographic variables, personality traits, psychiatric diagnoses, and neurobiological factors to the social and cultural context. Student-friendly features include text boxes that dive deeply into specific issues, instructive figures and tables, thought-provoking clinical cases, and engaging examples from literature and popular culture. The text reviews medical and psychosocial treatment and prevention approaches, discusses ways to help those bereaved by suicide, and considers issues of professional liability.&lt;BR /&gt;&quot;--</subfield>
    <subfield code="c">Provided by publisher.</subfield>
  </datafield>
  <datafield tag="520" ind1=" " ind2=" ">
    <subfield code="a">&quot;Integrating research from multiple disciplines, this text provides a comprehensive perspective on suicide and examines what works in prevention and intervention. The author is a pioneering researcher and clinician who addresses the classification, prevalence, and assessment of suicide and self-destructive behaviors and explores risk factors at multiple levels, from demographic variables, personality traits, psychiatric diagnoses, and neurobiological factors to the social and cultural context. Student-friendly features include text boxes that dive deeply into specific issues, instructive figures and tables, thought-provoking clinical cases, and engaging examples from literature and popular culture. The text reviews medical and psychosocial treatment and prevention approaches, discusses ways to help those bereaved by suicide, and considers issues of professional liability&quot;--</subfield>
    <subfield code="c">Provided by publisher.</subfield>
  </datafield>
  <datafield tag="504" ind1=" " ind2=" ">
    <subfield code="a">Includes bibliographical references (pages 503-526) and index.</subfield>
  </datafield>
  <datafield tag="650" ind1=" " ind2="0">
    <subfield code="a">Suicide.</subfield>
  </datafield>
  <datafield tag="650" ind1=" " ind2="0">
    <subfield code="a">Suicide</subfield>
    <subfield code="x">Prevention.</subfield>
  </datafield>
  <datafield tag="650" ind1=" " ind2="7">
    <subfield code="a">PSYCHOLOGY / Suicide.</subfield>
    <subfield code="2">bisacsh</subfield>
  </datafield>
  <datafield tag="650" ind1=" " ind2="7">
    <subfield code="a">MEDICAL / Psychiatry / General.</subfield>
    <subfield code="2">bisacsh</subfield>
  </datafield>
  <datafield tag="650" ind1=" " ind2="7">
    <subfield code="a">SOCIAL SCIENCE / Social Work.</subfield>
    <subfield code="2">bisacsh</subfield>
  </datafield>
  <datafield tag="650" ind1=" " ind2="7">
    <subfield code="a">MEDICAL / Nursing / Psychiatric.</subfield>
    <subfield code="2">bisacsh</subfield>
  </datafield>
</record>