
<record>
  <leader>02114cam a22002897i 4500</leader>
  <controlfield tag="001">20580414</controlfield>
  <controlfield tag="005">20200103151321.0</controlfield>
  <controlfield tag="008">180712s2016    cu            000 p spa  </controlfield>
  <datafield tag="906" ind1=" " ind2=" ">
    <subfield code="a">7</subfield>
    <subfield code="b">cbc</subfield>
    <subfield code="c">origres</subfield>
    <subfield code="d">4</subfield>
    <subfield code="e">ncip</subfield>
    <subfield code="f">20</subfield>
    <subfield code="g">y-gencatlg</subfield>
  </datafield>
  <datafield tag="925" ind1="0" ind2=" ">
    <subfield code="a">acquire</subfield>
    <subfield code="b">1 shelf copy</subfield>
    <subfield code="x">policy default</subfield>
  </datafield>
  <datafield tag="955" ind1=" " ind2=" ">
    <subfield code="b">bf27 2018-07-12 z-processor to ALAWE/MCAC</subfield>
    <subfield code="b">bf03 2018-07-27</subfield>
    <subfield code="h">bf03 2018-07-27 to shelf</subfield>
  </datafield>
  <datafield tag="010" ind1=" " ind2=" ">
    <subfield code="a">  2018381965</subfield>
  </datafield>
  <datafield tag="020" ind1=" " ind2=" ">
    <subfield code="a">9789592664180</subfield>
  </datafield>
  <datafield tag="020" ind1=" " ind2=" ">
    <subfield code="a">9592664188</subfield>
  </datafield>
  <datafield tag="035" ind1=" " ind2=" ">
    <subfield code="a">(OCoLC)on1036986868</subfield>
  </datafield>
  <datafield tag="040" ind1=" " ind2=" ">
    <subfield code="a">DLC</subfield>
    <subfield code="b">eng</subfield>
    <subfield code="e">rda</subfield>
    <subfield code="c">DLC</subfield>
  </datafield>
  <datafield tag="050" ind1="0" ind2="0">
    <subfield code="a">MLCS 2018/46916 (P)</subfield>
  </datafield>
  <datafield tag="100" ind1="1" ind2=" ">
    <subfield code="a">Pino Rodríguez, Irina,</subfield>
    <subfield code="d">1965-</subfield>
    <subfield code="e">author.</subfield>
  </datafield>
  <datafield tag="240" ind1="1" ind2="0">
    <subfield code="a">Poems.</subfield>
    <subfield code="k">Selections</subfield>
  </datafield>
  <datafield tag="245" ind1="1" ind2="0">
    <subfield code="a">Mientras hago el amor con George Harrison /</subfield>
    <subfield code="c">Irina Pino.</subfield>
  </datafield>
  <datafield tag="264" ind1=" " ind2="1">
    <subfield code="a">La Habana :</subfield>
    <subfield code="b">Ediciones Extramuros,</subfield>
    <subfield code="c">2016.</subfield>
  </datafield>
  <datafield tag="300" ind1=" " ind2=" ">
    <subfield code="a">69 pages ;</subfield>
    <subfield code="c">20 cm.</subfield>
  </datafield>
  <datafield tag="336" ind1=" " ind2=" ">
    <subfield code="a">text</subfield>
    <subfield code="b">txt</subfield>
    <subfield code="2">rdacontent</subfield>
  </datafield>
  <datafield tag="337" ind1=" " ind2=" ">
    <subfield code="a">unmediated</subfield>
    <subfield code="b">n</subfield>
    <subfield code="2">rdamedia</subfield>
  </datafield>
  <datafield tag="338" ind1=" " ind2=" ">
    <subfield code="a">volume</subfield>
    <subfield code="b">nc</subfield>
    <subfield code="2">rdacarrier</subfield>
  </datafield>
  <datafield tag="490" ind1="0" ind2=" ">
    <subfield code="a">Verso libre</subfield>
  </datafield>
  <datafield tag="505" ind1="0" ind2=" ">
    <subfield code="a">Una mujer le hace el amor a George Harrison -- Componer -- Fotografía con otoño -- Imágenes -- All is brown -- Correspondencia tardía -- Una gran tarta -- Epifanía en dos versiones -- En tu jardín -- Con el pie equivocado -- Irreal -- Flowing more freely that wine -- En la mañana -- La guitarra -- Tocar un sitar -- El retrato -- El anillo I -- El anillo II -- Tu sonrisa -- Reflexión -- Negación -- Give me peace on earth -- Sunset -- Esa tristeza -- Imagine -- Los tulipanes son rojos -- Asociaciones -- Fantasmagorías -- Percepción -- La foto -- George -- En la música -- Veintitrés -- Concierto -- LSD -- Estabas en todos los lugares posibles -- La chica del cráter -- En el limbo, una hora -- La frambuesa y yo -- Strawberry fields forever -- Objetos -- El fantasma -- Eric y George -- Tras el cristal -- Las tres estaciones -- Soft -- Flotando contigo y dentro de ti -- Escribir un libro -- Cannabis, o, Una historia de amor -- Necrofilia -- Más allá -- Sicodelia -- Wall of ilusion -- Something -- El rock de Harrison -- Instante de amnesia -- Brújula -- Mi dark sweet man -- Mientras hago el amor con George Harrison.</subfield>
  </datafield>
</record>