
<record>
  <leader>02164cam a2200337 i 4500</leader>
  <controlfield tag="001">20612274</controlfield>
  <controlfield tag="005">20200103192628.0</controlfield>
  <controlfield tag="008">180730t20192019njua     b    001 0 eng  </controlfield>
  <datafield tag="906" ind1=" " ind2=" ">
    <subfield code="a">7</subfield>
    <subfield code="b">cbc</subfield>
    <subfield code="c">orignew</subfield>
    <subfield code="d">1</subfield>
    <subfield code="e">ecip</subfield>
    <subfield code="f">20</subfield>
    <subfield code="g">y-gencatlg</subfield>
  </datafield>
  <datafield tag="925" ind1="0" ind2=" ">
    <subfield code="a">acquire</subfield>
    <subfield code="b">1 shelf copy</subfield>
    <subfield code="x">policy default</subfield>
  </datafield>
  <datafield tag="955" ind1=" " ind2=" ">
    <subfield code="d">xm08 2018-08-03</subfield>
    <subfield code="w">xm08 2018-08-03 (telework)</subfield>
    <subfield code="a">xn11 2019-10-30 1 copy rec&apos;d., to CIP ver.</subfield>
    <subfield code="a">rl00 2019-11-06 to SMA</subfield>
    <subfield code="a">rl46 2019-11-06</subfield>
    <subfield code="f">rl46 2020-01-03 (telework) to CALM</subfield>
  </datafield>
  <datafield tag="010" ind1=" " ind2=" ">
    <subfield code="a">  2018036244</subfield>
  </datafield>
  <datafield tag="020" ind1=" " ind2=" ">
    <subfield code="a">9781119120285</subfield>
    <subfield code="q">(hardback)</subfield>
  </datafield>
  <datafield tag="035" ind1=" " ind2=" ">
    <subfield code="a">(DNLM)101731357</subfield>
  </datafield>
  <datafield tag="040" ind1=" " ind2=" ">
    <subfield code="a">DNLM/DLC</subfield>
    <subfield code="c">DLC</subfield>
    <subfield code="e">rda</subfield>
    <subfield code="d">DLC</subfield>
  </datafield>
  <datafield tag="042" ind1=" " ind2=" ">
    <subfield code="a">pcc</subfield>
  </datafield>
  <datafield tag="050" ind1="0" ind2="0">
    <subfield code="a">RC78.7.D53</subfield>
    <subfield code="b">M4326 2019</subfield>
  </datafield>
  <datafield tag="060" ind1="1" ind2="0">
    <subfield code="a">WN 180</subfield>
  </datafield>
  <datafield tag="082" ind1="0" ind2="0">
    <subfield code="a">616.07/54</subfield>
    <subfield code="2">23</subfield>
  </datafield>
  <datafield tag="245" ind1="0" ind2="0">
    <subfield code="a">Medical imaging for health professionals :</subfield>
    <subfield code="b">technologies and clinical applications /</subfield>
    <subfield code="c">edited by Raymond M. Reilly, PhD, University of Toronto, Toronto, Ontario, Canada.</subfield>
  </datafield>
  <datafield tag="264" ind1=" " ind2="1">
    <subfield code="a">Hoboken, NJ :</subfield>
    <subfield code="b">Wiley,</subfield>
    <subfield code="c">2019.</subfield>
  </datafield>
  <datafield tag="300" ind1=" " ind2=" ">
    <subfield code="a">xxiii, 503 pages :</subfield>
    <subfield code="b">illustrations (some color) ;</subfield>
    <subfield code="c">24 cm</subfield>
  </datafield>
  <datafield tag="336" ind1=" " ind2=" ">
    <subfield code="a">text</subfield>
    <subfield code="2">rdacontent</subfield>
  </datafield>
  <datafield tag="337" ind1=" " ind2=" ">
    <subfield code="a">unmediated</subfield>
    <subfield code="2">rdamedia</subfield>
  </datafield>
  <datafield tag="338" ind1=" " ind2=" ">
    <subfield code="a">volume</subfield>
    <subfield code="2">rdacarrier</subfield>
  </datafield>
  <datafield tag="520" ind1=" " ind2=" ">
    <subfield code="a">&quot;This book guides pharmacy and health researchers and professionals to understand and interpret medical imaging technology. Divided into two sections, coverage features both fundamental principles and clinical applications. It describes the most common imaging tools - X-ray, CT, ultrasound, MRI, SPECT, and PET - and their use to diagnose common diseases that include heart, cancer, and lung. In addition, the authors introduce the emerging role of molecular imaging in the management of cancer and selection of patients for personalized treatments. The book features many illustrations and provides patient case examples of imaging applications to diagnose disease or monitor therapy&quot;--</subfield>
    <subfield code="c">Provided by publisher.</subfield>
  </datafield>
  <datafield tag="504" ind1=" " ind2=" ">
    <subfield code="a">Includes bibliographical references and index.</subfield>
  </datafield>
  <datafield tag="650" ind1="1" ind2="2">
    <subfield code="a">Diagnostic Imaging</subfield>
    <subfield code="x">methods</subfield>
  </datafield>
  <datafield tag="700" ind1="1" ind2=" ">
    <subfield code="a">Reilly, Raymond,</subfield>
    <subfield code="e">editor.</subfield>
  </datafield>
  <datafield tag="776" ind1="0" ind2="8">
    <subfield code="i">Online version:</subfield>
    <subfield code="t">Medical imaging for health professionals</subfield>
    <subfield code="b">First edition.</subfield>
    <subfield code="d">Hoboken, NJ : John Wiley &amp; Sons, Inc., 2019</subfield>
    <subfield code="z">9781119120292</subfield>
    <subfield code="w">(DLC) 2018037499</subfield>
  </datafield>
  <datafield tag="985" ind1=" " ind2=" ">
    <subfield code="a">NLMCIP</subfield>
    <subfield code="d">2018-08-03</subfield>
  </datafield>
</record>