
<record>
  <leader>02708cam a2200373 i 4500</leader>
  <controlfield tag="001">20619036</controlfield>
  <controlfield tag="005">20200103064647.0</controlfield>
  <controlfield tag="008">180807s2019    nyuag    b    001 0 eng  </controlfield>
  <datafield tag="906" ind1=" " ind2=" ">
    <subfield code="a">7</subfield>
    <subfield code="b">cbc</subfield>
    <subfield code="c">orignew</subfield>
    <subfield code="d">1</subfield>
    <subfield code="e">ecip</subfield>
    <subfield code="f">20</subfield>
    <subfield code="g">y-gencatlg</subfield>
  </datafield>
  <datafield tag="925" ind1="0" ind2=" ">
    <subfield code="a">acquire</subfield>
    <subfield code="b">1 shelf copy</subfield>
    <subfield code="x">policy default</subfield>
  </datafield>
  <datafield tag="955" ind1=" " ind2=" ">
    <subfield code="b">vl31 2018-08-07</subfield>
    <subfield code="i">vl31 2018-08-07 telework</subfield>
    <subfield code="e">vl31 2018-08-21 telework to Dewey</subfield>
    <subfield code="w">xm07 2018-08-30</subfield>
    <subfield code="f">vl34 2019-07-02 MCIP Ver to Music Division</subfield>
  </datafield>
  <datafield tag="010" ind1=" " ind2=" ">
    <subfield code="a">  2018037896</subfield>
  </datafield>
  <datafield tag="020" ind1=" " ind2=" ">
    <subfield code="a">9781250057198</subfield>
    <subfield code="q">hardcover</subfield>
  </datafield>
  <datafield tag="020" ind1=" " ind2=" ">
    <subfield code="z">9781250057204</subfield>
    <subfield code="q">electronic book</subfield>
  </datafield>
  <datafield tag="040" ind1=" " ind2=" ">
    <subfield code="a">DLC</subfield>
    <subfield code="b">eng</subfield>
    <subfield code="c">DLC</subfield>
    <subfield code="e">rda</subfield>
    <subfield code="d">DLC</subfield>
  </datafield>
  <datafield tag="042" ind1=" " ind2=" ">
    <subfield code="a">pcc</subfield>
  </datafield>
  <datafield tag="050" ind1="0" ind2="0">
    <subfield code="a">MT146</subfield>
    <subfield code="b">.G35 2019</subfield>
  </datafield>
  <datafield tag="082" ind1="0" ind2="0">
    <subfield code="a">781.1/7</subfield>
    <subfield code="2">23</subfield>
  </datafield>
  <datafield tag="100" ind1="1" ind2=" ">
    <subfield code="a">Gasser, Nolan,</subfield>
    <subfield code="e">author.</subfield>
  </datafield>
  <datafield tag="245" ind1="1" ind2="0">
    <subfield code="a">Why you like it :</subfield>
    <subfield code="b">the science and culture of musical taste /</subfield>
    <subfield code="c">Nolan Gasser.</subfield>
  </datafield>
  <datafield tag="246" ind1="3" ind2="0">
    <subfield code="a">Science and culture of musical taste</subfield>
  </datafield>
  <datafield tag="250" ind1=" " ind2=" ">
    <subfield code="a">First edition.</subfield>
  </datafield>
  <datafield tag="264" ind1=" " ind2="1">
    <subfield code="a">New York :</subfield>
    <subfield code="b">Flatiron Books,</subfield>
    <subfield code="c">2019.</subfield>
  </datafield>
  <datafield tag="264" ind1=" " ind2="4">
    <subfield code="c">©2019</subfield>
  </datafield>
  <datafield tag="300" ind1=" " ind2=" ">
    <subfield code="a">xi, 706 pages :</subfield>
    <subfield code="b">illustrations ;</subfield>
    <subfield code="c">25 cm</subfield>
  </datafield>
  <datafield tag="336" ind1=" " ind2=" ">
    <subfield code="a">text</subfield>
    <subfield code="b">txt</subfield>
    <subfield code="2">rdacontent</subfield>
  </datafield>
  <datafield tag="336" ind1=" " ind2=" ">
    <subfield code="a">notated music</subfield>
    <subfield code="b">ntm</subfield>
    <subfield code="2">rdacontent</subfield>
  </datafield>
  <datafield tag="337" ind1=" " ind2=" ">
    <subfield code="a">unmediated</subfield>
    <subfield code="b">n</subfield>
    <subfield code="2">rdamedia</subfield>
  </datafield>
  <datafield tag="338" ind1=" " ind2=" ">
    <subfield code="a">volume</subfield>
    <subfield code="b">nc</subfield>
    <subfield code="2">rdacarrier</subfield>
  </datafield>
  <datafield tag="504" ind1=" " ind2=" ">
    <subfield code="a">Includes bibliographical references (pages 661-694) and index.</subfield>
  </datafield>
  <datafield tag="505" ind1="0" ind2=" ">
    <subfield code="a">Introduction: in the ear of the beholder. The rise and rebirth of the savage beast -- A gift of the gods. Under the musical hood: an orientation ; Melody: the face of music ; Interlude A: the evolution of musical taste: music and anthropology -- Bar bands in Andromeda. Harmony: the internal body of music ; Rhythm: the movement of music ; Interlude B: it&apos;s the overtones, stupide: music, math, and physics -- Unity and heterogeneity. Form: the shape of music ; Sound: the personality of music ; Interlude C: the singing cerebrum: music and the brain -- Musical metaphors. The musical genotype ; The pop genotype ; Interlude D: at the cellular level: music and cell biology -- Parlez-vous gamelan?. The rock genotype ; The jazz genotype ; Interlude E: listening with an accent: culture and musical taste -- Questioning the omnivore. The hip hop genotype ; The electronica (EDM) genotype ; Interlude F: staking your claim: intraculture and musical taste -- Who are you, anyway?. The world music genotype ; The classical genotype ; Interlude G: mind over music: psychology and musical taste -- Your hit parade. The what and why of musical taste ; Epilogue: living with music.</subfield>
  </datafield>
  <datafield tag="520" ind1=" " ind2=" ">
    <subfield code="a">&quot;From the chief architect of Pandora Radio&apos;s Music Genome Project comes a definitive and groundbreaking examination of how your mind, body, and upbringing influence the music you love&quot; -- From book jacket.</subfield>
  </datafield>
  <datafield tag="650" ind1=" " ind2="0">
    <subfield code="a">Music appreciation.</subfield>
  </datafield>
  <datafield tag="650" ind1=" " ind2="0">
    <subfield code="a">Popular music genres.</subfield>
  </datafield>
</record>