
<record>
  <leader>03599cam a22006137i 4500</leader>
  <controlfield tag="001">20645486</controlfield>
  <controlfield tag="005">20200103192922.0</controlfield>
  <controlfield tag="008">180802t20182018mx ah    bc   000 0dspa d</controlfield>
  <datafield tag="906" ind1=" " ind2=" ">
    <subfield code="a">7</subfield>
    <subfield code="b">cbc</subfield>
    <subfield code="c">copycat</subfield>
    <subfield code="d">2</subfield>
    <subfield code="e">ncip</subfield>
    <subfield code="f">20</subfield>
    <subfield code="g">y-gencatlg</subfield>
  </datafield>
  <datafield tag="925" ind1="0" ind2=" ">
    <subfield code="a">acquire</subfield>
    <subfield code="b">1 shelf copy</subfield>
    <subfield code="x">policy default</subfield>
  </datafield>
  <datafield tag="955" ind1=" " ind2=" ">
    <subfield code="a">ve24 2018-08-24</subfield>
    <subfield code="b">bf27 2018-08-30 to ALAWE/MCAC</subfield>
    <subfield code="b">bf03 2018-11-20 z-processor to copycat</subfield>
    <subfield code="i">bf19 2018-11-27 to Dewey</subfield>
    <subfield code="w">xm09 2019-05-25</subfield>
  </datafield>
  <datafield tag="010" ind1=" " ind2=" ">
    <subfield code="a">  2018402360</subfield>
  </datafield>
  <datafield tag="020" ind1=" " ind2=" ">
    <subfield code="a">9788417047559</subfield>
    <subfield code="q">(RM Verlag)</subfield>
  </datafield>
  <datafield tag="020" ind1=" " ind2=" ">
    <subfield code="a">8417047557</subfield>
  </datafield>
  <datafield tag="020" ind1=" " ind2=" ">
    <subfield code="a">9780999739419</subfield>
    <subfield code="q">(YBCA)</subfield>
  </datafield>
  <datafield tag="020" ind1=" " ind2=" ">
    <subfield code="a">0999739417</subfield>
  </datafield>
  <datafield tag="035" ind1=" " ind2=" ">
    <subfield code="a">(OCoLC)on1047745072</subfield>
  </datafield>
  <datafield tag="040" ind1=" " ind2=" ">
    <subfield code="a">H7K</subfield>
    <subfield code="b">eng</subfield>
    <subfield code="c">H7K</subfield>
    <subfield code="e">rda</subfield>
    <subfield code="d">OCLCO</subfield>
    <subfield code="d">JPG</subfield>
    <subfield code="d">OCLCF</subfield>
    <subfield code="d">FDA</subfield>
    <subfield code="d">DLC</subfield>
  </datafield>
  <datafield tag="042" ind1=" " ind2=" ">
    <subfield code="a">lccopycat</subfield>
  </datafield>
  <datafield tag="043" ind1=" " ind2=" ">
    <subfield code="a">nwcu---</subfield>
  </datafield>
  <datafield tag="050" ind1="0" ind2="0">
    <subfield code="a">NX525.Z9</subfield>
    <subfield code="b">B782 2018</subfield>
  </datafield>
  <datafield tag="082" ind1="0" ind2="0">
    <subfield code="a">700</subfield>
    <subfield code="2">23</subfield>
  </datafield>
  <datafield tag="245" ind1="0" ind2="0">
    <subfield code="a">Tania Bruguera :</subfield>
    <subfield code="b">hablándole al poder /</subfield>
    <subfield code="c">textos, Tania Bruguera [and four others].</subfield>
  </datafield>
  <datafield tag="246" ind1="3" ind2="0">
    <subfield code="a">Hablándole al poder</subfield>
  </datafield>
  <datafield tag="250" ind1=" " ind2=" ">
    <subfield code="a">Primera edición.</subfield>
  </datafield>
  <datafield tag="264" ind1=" " ind2="1">
    <subfield code="a">Ciudad de México :</subfield>
    <subfield code="b">MUAC, Museo Universitario Arte Contemporáneo, UNAM ;</subfield>
    <subfield code="a">San Francisco, CA :</subfield>
    <subfield code="b">Yerba Buena Center for the Arts ;</subfield>
    <subfield code="a">Barcelona :</subfield>
    <subfield code="b">RM Verlag,</subfield>
    <subfield code="c">2018.</subfield>
  </datafield>
  <datafield tag="264" ind1=" " ind2="4">
    <subfield code="c">©2018</subfield>
  </datafield>
  <datafield tag="300" ind1=" " ind2=" ">
    <subfield code="a">79 pages :</subfield>
    <subfield code="b">illustrations (chiefly color), facsimiles ;</subfield>
    <subfield code="c">22 cm.</subfield>
  </datafield>
  <datafield tag="336" ind1=" " ind2=" ">
    <subfield code="a">text</subfield>
    <subfield code="b">txt</subfield>
    <subfield code="2">rdacontent</subfield>
  </datafield>
  <datafield tag="336" ind1=" " ind2=" ">
    <subfield code="a">still image</subfield>
    <subfield code="b">sti</subfield>
    <subfield code="2">rdacontent</subfield>
  </datafield>
  <datafield tag="337" ind1=" " ind2=" ">
    <subfield code="a">unmediated</subfield>
    <subfield code="b">n</subfield>
    <subfield code="2">rdamedia</subfield>
  </datafield>
  <datafield tag="338" ind1=" " ind2=" ">
    <subfield code="a">volume</subfield>
    <subfield code="b">nc</subfield>
    <subfield code="2">rdacarrier</subfield>
  </datafield>
  <datafield tag="490" ind1="1" ind2=" ">
    <subfield code="a">MUAC ;</subfield>
    <subfield code="v">065</subfield>
  </datafield>
  <datafield tag="500" ind1=" " ind2=" ">
    <subfield code="a">On occasion of an exhibition held at Yerba Buena Center for the Arts, San Francisco, June 16 - October 29, 2017, and at Museo Universitario Arte Contemporáneo, Universidad Autónoma de México, Mexico City, May 12 - September 9, 2018.</subfield>
  </datafield>
  <datafield tag="504" ind1=" " ind2=" ">
    <subfield code="a">Includes bibliographical references.</subfield>
  </datafield>
  <datafield tag="505" ind1="0" ind2="0">
    <subfield code="t">Las instituciones transicionales y el arte de la especificidad en el tiempo político /</subfield>
    <subfield code="r">Lucía Sanromán --</subfield>
    <subfield code="t">Conversación entre Tania Bruguera y Suzanne Lacy /</subfield>
    <subfield code="r">Tania Bruguera --</subfield>
    <subfield code="t">Lexicón interpretado /</subfield>
    <subfield code="r">José Falconi --</subfield>
    <subfield code="g">Semblanza --</subfield>
    <subfield code="g">Catálogo.</subfield>
  </datafield>
  <datafield tag="520" ind1="8" ind2=" ">
    <subfield code="a">The work of Cuban artist Tania Bruguera (born 1968) researches and performs the ways in which art can be applied to collective everyday life, focusing on the transformation of emotion into political action. Hablándole al Poder (Talking to Power) is a survey exhibition that presents all of Bruguera&apos;s long-term, socially engaged art projects to date. As part of the exhibition, the artist will also open a school in YBCA&apos;s galleries. The Escuela de Arte Útil will convene weekly classes (June 20-Aug 10), taught by Bruguera and other prominent artist-educators, on topics such as systems of power and creative dissent.</subfield>
  </datafield>
  <datafield tag="600" ind1="1" ind2="0">
    <subfield code="a">Brugueras, Tania</subfield>
    <subfield code="v">Exhibitions.</subfield>
  </datafield>
  <datafield tag="650" ind1=" " ind2="0">
    <subfield code="a">Art and social action</subfield>
    <subfield code="v">Exhibitions.</subfield>
  </datafield>
  <datafield tag="650" ind1=" " ind2="0">
    <subfield code="a">Performance art</subfield>
    <subfield code="z">Cuba</subfield>
    <subfield code="v">Exhibitions.</subfield>
  </datafield>
  <datafield tag="600" ind1="1" ind2="7">
    <subfield code="a">Brugueras, Tania.</subfield>
    <subfield code="2">fast</subfield>
    <subfield code="0">(OCoLC)fst01567935</subfield>
  </datafield>
  <datafield tag="650" ind1=" " ind2="7">
    <subfield code="a">Art and social action.</subfield>
    <subfield code="2">fast</subfield>
    <subfield code="0">(OCoLC)fst01742274</subfield>
  </datafield>
  <datafield tag="650" ind1=" " ind2="7">
    <subfield code="a">Performance art.</subfield>
    <subfield code="2">fast</subfield>
    <subfield code="0">(OCoLC)fst01057852</subfield>
  </datafield>
  <datafield tag="651" ind1=" " ind2="7">
    <subfield code="a">Cuba.</subfield>
    <subfield code="2">fast</subfield>
    <subfield code="0">(OCoLC)fst01205805</subfield>
  </datafield>
  <datafield tag="655" ind1=" " ind2="7">
    <subfield code="a">Exhibition catalogs.</subfield>
    <subfield code="2">fast</subfield>
    <subfield code="0">(OCoLC)fst01424028</subfield>
  </datafield>
  <datafield tag="700" ind1="1" ind2=" ">
    <subfield code="a">Álvarez Romero, Ekaterina,</subfield>
    <subfield code="e">editor.</subfield>
  </datafield>
  <datafield tag="700" ind1="1" ind2=" ">
    <subfield code="a">Xanic López, Ana,</subfield>
    <subfield code="e">editor.</subfield>
  </datafield>
  <datafield tag="700" ind1="1" ind2=" ">
    <subfield code="a">Soler, Martí,</subfield>
    <subfield code="e">translator.</subfield>
  </datafield>
  <datafield tag="700" ind1="1" ind2="2">
    <subfield code="a">Bruguera, Tania,</subfield>
    <subfield code="d">1968-</subfield>
    <subfield code="t">Works.</subfield>
    <subfield code="k">Selections.</subfield>
  </datafield>
  <datafield tag="710" ind1="2" ind2=" ">
    <subfield code="a">Universidad Nacional Autónoma de México.</subfield>
    <subfield code="b">Museo Universitario Arte Contemporáneo,</subfield>
    <subfield code="e">host institution.</subfield>
  </datafield>
  <datafield tag="710" ind1="2" ind2=" ">
    <subfield code="a">Center for the Arts at Yerba Buena Gardens,</subfield>
    <subfield code="e">issuing body,</subfield>
    <subfield code="e">host institution.</subfield>
  </datafield>
  <datafield tag="830" ind1=" " ind2="0">
    <subfield code="a">Folio MUAC ;</subfield>
    <subfield code="v">065.</subfield>
  </datafield>
  <datafield tag="923" ind1=" " ind2=" ">
    <subfield code="d">20180726</subfield>
    <subfield code="n">76938</subfield>
    <subfield code="s">CVcHKB</subfield>
  </datafield>
  <datafield tag="985" ind1=" " ind2=" ">
    <subfield code="e">VENDOR LOAD</subfield>
  </datafield>
</record>